4250 6376
551 505 797 574 oourauou
821 501 1119 574 THEOLOGICAE
1142 501 1377 568 VERlTrlTlS
1402 501 1485 574 LlB.
1514 505 1539 572 l'.
1610 535 1613 540 Δ
1790 511 1829 578 17

242 703 353 746 errore
374 685 519 746 reuocat.
536 679 660 746 Jerem.
678 703 771 760 xxm,
789 681 826 748 3:
848 679 1008 748 Clrurita-

242 793 272 850 te
300 795 465 874 perpetuu
494 785 602 850 dilacei
632 795 660 850 te
677 809 687 852 .·
712 787 786 852 ideo
812 789 943 852 attraxi
962 795 1005 862 te,

88 925 210 992 Longan-
242 893 416 966 irriserunt,
444 891 569 958 seilicet
587 891 648 958 tui.
679 893 739 958 Est
767 899 800 958 θῖ
831 891 1007 982 longitudo

129 993 171 1042 ‘¹0·
241 999 515 1090 patientiaeque
542 997 650 1066 rualos
685 1007 874 1090 exspeotat:
908 999 1008 1066 dissi-

242 1107 347 1174 mulat
363 1129 510 1196 neroque
524 1117 660 1196 peecata
677 1107 855 1174 hominum
872 1117 1008 1198 propter

242 1215 486 1306 prenitentiam.
519 1215 580 1282 Est
608 1219 642 1282 in
671 1239 709 1282 eo
733 1215 923 1282 sublimitas
952 1239 1008 1282 sa·-

240 1325 387 1414 pientiaa,
418 1349 484 1414 qua
522 1347 659 1390 omnem
689 1347 823 1390 sensum
857 1333 1004 1414 superat.

239 1431 441 1522 Apostolus:
468 1433 591 1498 Orurrr'u
606 1433 701 1498 riardo
729 1441 759 1498 et
784 1441 902 1522 opertu
926 1443 1006 1498 sarit

91 1577 201 1626 Profun-
239 1541 346 1606 oeulis
361 1539 436 1626 ejus
457 1555 477 1606 ¹.
495 1539 555 1604 Est
572 1539 672 1606 etiam
687 1539 721 1604 in
743 1561 781 1604 eo
798 1537 1004 1628 profundum

109 1641 177 1690 aum.
233 1645 384 1736 justitiae,
408 1653 682 1740 quapeooatores
705 1645 852 1714 damnat.
881 1645 999 1714 Matth.

234 1781 312 1836 xxv,
331 1757 397 1822 ld:
425 1755 594 1822 Discedite
620 1781 640 1822 u
668 1779 730 1834 me,
749 1755 935 1832 maledieti,
966 1759 1002 1822 iu

232 1867 344 1954 iprzarrr
356 1873 531 1930 eternum.

1062 685 1135 744 tum
1151 685 1200 744 θεῖ
1215 677 1314 756 liniri,
1337 685 1534 744 nontamen
1562 677 1688 748 linitur.
1711 679 1828 748 Infini-

1062 793 1133 854 tum
1163 787 1329 854 eorrtrurie
1357 793 1418 868 θεῖ,
1451 787 1541 874 quod
1565 787 1665 854 habet
1693 795 1827 856 eontra-

1060 895 1146 960 rium
1163 895 1418 982 dispositionem
1433 895 1475 962 ad
1497 895 1692 962 finiendum.
1712 895 1826 964 Primo

1060 1003 1162 1068 modo
1187 1005 1328 1068 essentia
1357 1003 1470 1070 divina
1503 1009 1551 1070 est
1576 1003 1717 1084 infinita,
1750 1003 1828 1090 quia

1061 1131 1130 1176 nou
1146 1109 1247 1176 babet
1262 1111 1375 1186 linem,
1400 1131 1459 1174 neo
1475 1117 1524 1176 est
1547 1117 1624 1176 nata
1638 1111 1739 1174 liniri.
1772 1109 1830 1174 Si-

1061 1215 1185 1282 militer
1199 1219 1228 1282 si
1244 1217 1371 1284 dieatur
1395 1215 1563 1284 inlinitum
1590 1217 1687 1282 tertio
1710 1215 1824 1282 mode.

1061 1321 1098 1389 Si
1124 1345 1203 1388 vero
1226 1323 1354 1390 dicatur
1379 1323 1546 1390 inlinitum
1568 1323 1747 1412 privative,
1779 1323 1827 1388 sio

1058 1453 1127 1498 non
1145 1437 1257 1520 potest
1277 1431 1341 1498 diei
1364 1431 1469 1506 finita,
1498 1433 1659 1520 quianon
1680 1439 1728 1498 est
1747 1435 1825 1496 nata

1058 1539 1158 1622 liniri,
1177 1543 1245 1606 imo
1263 1547 1312 1606 est
1331 1539 1452 1606 liniens
1468 1543 1593 1606 omnia.

1100 1647 1198 1730 ltem,
1234 1647 1310 1716 linis
1349 1647 1469 1716 dieitur
1508 1647 1660 1738 triplex:
1702 1645 1824 1714 dieitur

1055 1757 1146 1822 euim
1175 1757 1350 1838 terminus,
1380 1763 1412 1822 θῖ
1427 1755 1610 1822 seeundum
1627 1755 1691 1822 lroo
1712 1777 1822 1846 quan·-

1053 1865 1129 1930 titas
1160 1865 1317 1930 contiuua
1339 1867 1475 1954 ponitur
1493 1863 1635 1942 infinita,
1658 1863 1735 1954 quia
1751 1885 1820 1930 non

1052 1979 1102 2056 θεῖ
1117 1971 1340 2038 dimensibilis
1356 1975 1389 2038 in
1406 1973 1587 2056 inlinitum,
1607 1981 1637 2038 θῖ
1649 1971 1713 2038 hoo
1727 1973 1815 2050 ideo,

1052 2083 1131 2170 quia
1151 2083 1186 2146 in
1224 2083 1382 2148 continuo
1415 2105 1482 2150 uon
1517 2089 1565 2150 est
1597 2083 1761 2178 terminus
1784 2083 1845 2146 in·

963 2179 964 2182 ¹
1050 2191 1285 2278 productione,
1318 2191 1403 2256 siout
1440 2213 1499 2256 neo
1534 2191 1567 2254 in
1594 2211 1734 2256 numero
1769 2197 1819 2256 est

492 2401 636 2468 CAPUT
656 2401 732 2468 ΧΥ.

390 2707 395 2716 ¹
438 2617 489 2680 De
514 2615 682 2704 infinitate
702 2617 779 2686 Dei.

272 2937 506 3006 Dubitandum
522 2959 603 3004 roro
623 2961 691 3006 nou
712 2945 761 3004 est
782 2935 894 3004 Deum
925 2957 997 3006 esse

231 3045 399 3112 infinitum
418 3067 424 3112 :
449 3047 526 3136 quia
542 3067 618 3112 cum
638 3045 672 3110 in
689 3043 759 3110 Deo
777 3045 866 3112 idem
883 3045 925 3112 sit
940 3065 998 3130 po-

230 3157 333 3222 tentia
358 3163 388 3222 et
418 3157 575 3238 essentia,
611 3163 702 3244 patet
736 3155 826 3246 quod
854 3157 999 3222 essentia

231 3265 300 3352 ejus
317 3271 366 3330 θεῖ
386 3265 528 3346 intinita,
551 3265 636 3328 siout
656 3271 688 3328 θῖ
713 3265 876 3352 potentia.
901 3261 996 3332 Unde

228 3373 312 3438 siout
327 3373 477 3460 protentis
498 3373 559 3440 Dei
587 3395 656 3438 non
675 3373 720 3438 ita
743 3379 854 3460 potest
874 3373 908 3438 in
934 3377 994 3456 tot,

230 3481 309 3570 quin
330 3483 436 3568 possit
455 3481 489 3546 in
509 3481 619 3568 plura,
648 3481 695 3548 sio
716 3487 747 3546 θῖ
767 3481 912 3546 essentie
936 3477 997 3546 Dei

131 3629 132 3634 κ
227 3613 294 3656 nou
312 3595 362 3654 est
376 3587 420 3654 ita
436 3589 471 3654 iu
491 3589 660 3678 aliquibus
681 3587 794 3666 rebus,
814 3589 896 3676 quin
918 3607 996 3676 pos·

227 3701 267 3764 sit
293 3721 364 3764 esse
385 3699 419 3762 in
434 3697 600 3786 pluribus,
617 3699 686 3762 imo
704 3697 730 3762 si
751 3697 870 3762 mundi
887 3705 997 3766 esseni

227 3805 361 3888 inliniti,
379 3829 497 3874 onrnas
517 3805 670 3894 repleret.

269 3913 447 3990 Praeterea,
469 3937 550 4006 voum
580 3913 669 3982 Deus
690 3915 732 3982 sit
760 3935 872 3982 rerum
896 3935 996 3982 causa

162 4037 163 4042 ’
227 4021 388 4102 efficiens,
411 4023 573 4108 formalis,
606 4033 637 4090 et
658 4023 780 4106 tinalis,
811 4025 897 4090 siout
926 4045 995 4092 non

227 4139 274 4198 est
290 4129 398 4198 dicere
415 4131 455 4198 de
476 4131 543 4198 Deo
566 4133 601 4196 in
623 4139 787 4220 quantum
817 4137 867 4198 θεῖ
896 4153 996 4198 eausa

227 4237 385 4306 efficiens.
405 4239 495 4330 quod
510 4241 553 4306 sit
568 4239 741 4306 allectiva:
760 4261 821 4306 neo
836 4239 871 4306 in
893 4261 996 4328 quan-

203 4387 206 4396 =
225 4355 294 4414 tum
312 4357 362 4416 θεῖ
376 4371 478 4416 eausa
499 4349 647 4416 formalis
664 4349 754 4438 quod
779 4351 822 4414 sit
838 4349 992 4426 formata,

226 4459 343 4524 eadem
378 4459 505 4524 ratione
531 4479 600 4524 non
630 4463 679 4524 est
708 4459 816 4524 disere
845 4481 923 4524 oum
953 4459 995 4524 sit

225 4587 327 4632 eausa
344 4567 463 4646 finalis,
487 4567 578 4654 quod
598 4567 640 4634 sit
665 4567 771 4634 finita.
789 4567 891 4634 Nullo
913 4591 993 4656 ergo

225 4675 326 4740 modo
347 4673 525 4740 dicendum
542 4681 592 4740 est
621 4675 729 4740 Deum
759 4699 831 4742 esse
860 4675 993 4740 finitum

224 4781 408 4848 seeundum
425 4781 658 4864 substantiam,
677 4783 741 4850 nisi
757 4783 889 4848 linitum
906 4783 993 4852 diru-

223 4897 278 4954 tur
293 4889 497 4978 adinpletum
514 4897 547 4956 et
566 4889 762 4978 perlectum.

269 4999 357 5066 Sane
375 4999 495 5086 triplex
519 4999 641 5065 dieitur
660 4999 843 5080 infinitum,
866 4999 993 5068 seilicet

101 5121 106 5132 '
187 5103 208 5176 ·.’
225 5107 389 5196 negative,
410 5107 585 5194 privative,
609 5107 785 5188 contrarie,
803 5129 863 5172 seu
878 5107 992 5198 dispu-

164 5233 194 5310 ι’,
224 5221 303 5280 rate.
324 5213 495 5280 infinitum
515 5215 669 5302 nepetino
683 5213 803 5280 dieitur
818 5237 877 5302 per
893 5213 992 5280 abne-

223 5325 393 5412 gationem
415 5323 510 5392 linis:
539 5329 570 5388 et
599 5323 645 5390 sie
673 5325 793 5390 dieitur
821 5323 990 5392 infinitum

221 5431 315 5516 illud,
353 5431 444 5524 quod
473 5455 540 5498 non
564 5431 700 5498 finitur:
733 5439 764 5498 θῖ
796 5431 860 5498 hoc
888 5431 991 5500 modo

1049 2299 1214 2366 terminus
1230 2299 1264 2366 iu
1280 2299 1459 2368 additione.
1481 2299 1558 2366 Alio
1577 2299 1677 2366 modo
1699 2299 1819 2366 dieitur

1050 2407 1127 2474 finis
1149 2407 1241 2474 idem
1270 2407 1359 2496 quod
1383 2407 1551 2496 perfectio.
1570 2407 1681 2474 Tertio
1717 2407 1816 2474 modo

1050 2515 1171 2582 dieitur
1208 2515 1297 2592 linis,
1337 2515 1370 2580 id
1403 2517 1540 2604 proptor
1577 2515 1668 2602 quod
1694 2535 1817 2580 unum-

1052 2623 1209 2716 quodque
1231 2625 1356 2692 liuitur.
1384 2623 1500 2692 Primo
1527 2623 1629 2692 modo
1650 2621 1740 2692 Deus
1771 2627 1820 2692 θεῖ

1052 2733 1214 2814 infinitus,
1237 2755 1306 2800 non
1326 2733 1511 2802 seeundum
1528 2733 1748 2820 quantitatem
1766 2731 1819 2798 di-

1051 2843 1251 2926 mensiram‚
1283 2865 1358 2930 quae
1395 2845 1430 2908 in
1458 2839 1530 2908 Deo
1554 2863 1622 2906 nou
1661 2849 1722 2924 est,
1761 2837 1818 2906 sed

1052 2947 1237 3016 seeundum
1276 2949 1497 3038 quantitatem
1525 2947 1716 3030 virtualem,
1745 2971 1818 3036 quaa

1051 3055 1085 3122 in
1110 3055 1182 3144 ipso
1212 3063 1275 3126 θεῖ.
1293 3055 1360 3124 Sed
1388 3057 1467 3146 quia
1482 3059 1516 3122 in
1531 3055 1602 3122 Deo
1623 3055 1818 3122 omnimoda

1051 3167 1100 3228 θεῖ
1127 3161 1285 3228 indivisio
1315 3163 1447 3228 uirtutis
1487 3171 1518 3228 et
1553 3163 1714 3240 essentiae,
1751 3183 1818 3226 non

1050 3277 1161 3358 potest
1182 3293 1252 3336 esse
1273 3267 1421 3336 infinitas
1448 3271 1593 3346 virtutis,
1616 3271 1818 3358 quinetiam

1052 3379 1094 3442 sit
1132 3379 1293 3444 esseut-iae.
1339 3377 1495 3448 Secundo
1539 3377 1641 3444 modo
1683 3379 1821 3444 aratoria

1051 3483 1173 3548 dieitur
1196 3483 1337 3566 infinita,
1373 3485 1452 3572 quia
1478 3493 1568 3550 earet
1603 3485 1818 3572 persentiens.

1049 3591 1159 3658 Tertio
1184 3589 1285 3658 modo
1310 3589 1437 3656 malum
1457 3589 1562 3680 eulpae
1592 3591 1714 3658 dicitur
1738 3591 1816 3658 ina-

1048 3701 1171 3780 nitum,
1197 3703 1277 3790 quia
1293 3723 1361 3766 uon
1377 3707 1428 3766 ost
1448 3699 1622 3790 odinatum
1640 3699 1681 3766 ad
1703 3701 1815 3766 linem.

1301 4241 1446 4314 CAPUT
1466 4241 1558 4312 XVI.

1149 4459 1200 4524 De
1217 4457 1617 4548 irreorrrprebeusibilitote
1637 4455 1713 4524 Dei.

1091 4779 1228 4848 Creator
1248 4789 1434 4848 aureatura
1449 4781 1607 4870 cognosci
1623 4801 1692 4858 nou
1707 4787 1815 4870 potest
1843 4829 1844 4834 η

1046 4889 1257 4978 adplenum
1286 4891 1319 4954 in
1352 4891 1408 4956 via
1428 4889 1482 4956 vel
1503 4891 1603 4956 etiam
1631 4889 1667 4956 in
1695 4889 1812 4978 patria,

1046 4997 1126 5086 quia
1143 4995 1227 5062 finiti
1251 4997 1344 5062 nulla
1370 5003 1421 5062 θεῖ
1444 4997 1618 5086 proportio
1640 4995 1682 5060 ad
1701 4995 1814 5060 infini-

1045 5109 1131 5170 tum.
1148 5101 1292 5168 Trinitas
1312 5103 1376 5168 sibi
1391 5101 1454 5188 soli
1469 5111 1550 5170 nota
1565 5109 1626 5180 θεῖ,
1649 5109 1680 5168 θῖ
1700 5099 1814 5168 borni-

1044 5215 1080 5280 ni
1097 5211 1241 5278 Christe.
1259 5213 1356 5280 Unde
1372 5211 1582 5278 Bernardus:
1603 5235 1617 5276 <r
1637 5209 1728 5277 Nihil
1744 5209 1820 5278 Deo

1047 5323 1293 5414 qpraesentius,
1322 5327 1354 5388 et
1374 5321 1458 5388 nibil
1487 5319 1814 5410 incompreheusibi-

1047 5459 1063 5494 ‹<
1089 5431 1153 5496 lius
1171 5449 1177 5496 :
1197 5429 1276 5518 quid
1292 5451 1414 5518 nempe
1444 5429 1578 5496 cuilibet
1594 5429 1641 5506 rei
1664 5451 1814 5518 prusen-

1047 5567 1062 5602 α
1085 5541 1151 5606 tius
1171 5563 1273 5628 quam
1289 5563 1360 5606 θεεθ
1376 5561 1475 5606 suum
1491 5541 1507 5606 ⁶?
1524 5539 1633 5606 »Sane
1649 5563 1720 5608 θεεθ
1737 5563 1814 5606 oni·
1841 5553 1904 5628 Esse
1919 5571 1973 5606 om·

1044 5647 1141 5714 nium
1161 5647 1304 5714 dixerim
1328 5645 1450 5730 Deum,
1472 5669 1541 5714 non
1561 5645 1653 5734 quod
1673 5645 1728 5710 illa
1748 5647 1815 5710 siut
1851 5631 1975 5734 022?OE

1748 5741 1749 5744 ’
1829 5743 1986 5804 quomodo?

222 5539 391 5608 infinitum
419 5547 479 5620 est,
498 5539 590 5628 quod
605 5563 673 5606 non
694 5547 743 5606 θεῖ
770 5545 889 5606 natum
917 5539 992 5606 fmi-

223 5651 261 5718 ri.
298 5647 469 5718 Infinitum
503 5649 675 5738 privative
713 5653 773 5734 est,
809 5647 901 5736 quod
927 5669 991 5714 na-

256 5891 264 5926 ¹
280 5887 321 5944 Ad
336 5887 423 5944 Hebr.
439 5903 475 5954 rr,
494 5885 536 5944 13.

327 6025 411 6060 xxxiv
