4250 6376
587 467 834 536 corrruuurr
857 445 1155 540 innocuorum
1181 471 1413 538 remmus
1439 473 1522 540 nra.
1549 475 1575 540 r.
1827 475 1869 542 23

272 643 373 712 modo
399 665 468 710 uon
498 649 666 728 movetur,
694 645 819 710 scilieet
843 651 938 710 motu
967 647 1040 712 rio·

271 755 374 834 leuto,
398 755 477 842 quia
501 775 570 818 non
594 753 681 820 litei
704 753 877 818 violentia.
894 753 972 836 Job,
995 779 1038 830 rx,

275 863 312 926 ra
333 881 339 924 ι
362 859 402 926 Si
438 861 607 948 fortitudo
643 863 819 950 quaeritur,
851 859 1041 928 robustissi-

272 991 346 1036 mus
359 977 417 1034 θεῖ.
437 967 534 1046 Item,
553 971 651 1034 tertio
667 969 769 1034 modo
786 991 855 1034 non
871 977 1037 1054 movetur,

272 1079 396 1146 seilicet
420 1087 515 1146 motu
536 1080 741 1162 voluntarie,
776 1081 855 1168 quia
879 1081 914 1144 in
941 1103 1040 1168 opere

271 1211 339 1256 non
351 1187 507 1272 lassatur,
527 1197 563 1256 ut
578 1189 747 1256 animalia.

314 1295 494 1376 Praeterea,
513 1295 636 1364 Nostra
659 1319 756 1364 mens
776 1303 825 1364 est
845 1297 1036 1366 instabilis:

70 1405 78 1490 i
115 1405 238 1518 gpifflffs
270 1405 466 1494 quiamodo
491 1405 699 1494 profluimus,
722 1403 824 1472 modo
850 1405 1036 1486 deficimus

70 1491 81 1588 i
107 1487 132 1582 it
146 1495 248 1592 qrraroi
271 1513 372 1580 modo
389 1517 650 1592 reminiscimur,
668 1515 771 1582 mode
793 1513 1036 1598 obliviscimur,

270 1623 372 1688 modo
396 1623 566 1708 volumus,
596 1625 696 1692 modo
731 1621 904 1706 uolumuS,
936 1625 1037 1692 modo

67 1797 77 1836 r
269 1729 399 1796 diffusis
425 1729 698 1820 cogitationibus,
723 1739 822 1818 atque
851 1729 1037 1796 allectioni-

66 1889 73 1918 ,
267 1839 342 1914 lius,
366 1847 396 1904 et
429 1841 577 1906 consiliis
598 1839 663 1908 huo
692 1847 792 1930 atque
825 1839 905 1906 illue
930 1863 1037 1928 vaga·-

269 1969 354 2012 mur.
368 1947 459 2014 Deus
476 1955 588 2014 autem
605 1971 737 2038 semper
757 1945 907 2014 sehabet
926 1971 1036 2036 acqua-

264 2053 351 2134 liter,
371 2063 402 2122 et
417 2057 646 2124 immobiliter.
709 2051 710 2054 '
819 2043 820 2046 ¹

308 2161 405 2240 item,
427 2163 524 2230 Alius
545 2173 594 2232 est
617 2171 729 2230 motus
749 2163 930 2238 circularis,
950 2161 1034 2228 alius

265 2269 1035 2360 r·ectuS,Aliusobliquus.Ciroularismotusest

263 2401 444 2468 corporum
467 2381 693 2470 superiorum,
711 2387 812 2470 prout
835 2381 1033 2446 firmamen-

261 2495 333 2552 tum
351 2495 507 2554 movetur
519 2489 703 2556 secundum
721 2489 865 2556 formam
882 2489 1029 2576 quidem,

261 2603 302 2684 ut¹
332 2595 411 2662 dicit
457 2597 698 2686 Philosophus
731 2619 799 2662 non
847 2597 1032 2662 secundum

261 2705 495 2772 substantiam.
519 2705 591 2772 Hoc
622 2713 670 2774 θεῖ
696 2707 818 2784 dicere,
847 2705 938 2794 quod
962 2729 1032 2772 non

259 2819 416 2902 movetur
441 2813 483 2880 ad
510 2813 636 2896 locum,
667 2813 725 2882 sed
751 2813 785 2878 iu
809 2813 895 2878 loco.
918 2811 1031 2876 lilotus

259 2927 372 2986 autem
402 2929 510 2988 rectus
537 2943 670 2986 sursum
692 2927 752 3000 est,
774 2921 829 2986 vel
858 2919 1027 3000 deorsum,

258 3027 444 3094 secuudum
472 3027 561 3120 quod
591 3051 733 3116 corpora
768 3027 926 3106 iuferiora
959 3049 1031 3094 mo·

257 3143 379 3200 ventur
392 3143 531 3224 propter
544 3137 729 3220 levitatem,
743 3135 798 3202 vel
814 3137 1028 3224 grauitatem.

259 3241 373 3310 Motus
395 3245 553 3332 obliquus
573 3247 782 3332 compositus
803 3251 853 3308 θεῖ
874 3265 915 3308 ex
939 3251 1029 3310 recto

260 3355 291 3416 θῖ
311 3349 465 3416 circulari
482 3371 489 3418 :
507 3351 596 3418 unde
612 3353 704 3440 quod
718 3349 911 3428 reflectitur,
927 3349 1029 3416 habet

257 3463 391 3524 amotu
419 3458 573 3525 circulari
605 3483 612 3528 ;
642 3461 731 3548 quod
749 3481 830 3526 vero
863 3456 1028 3524 linealiter

257 3565 420 3656 procedit,
456 3565 557 3634 habet
587 3591 616 3650 a
638 3575 741 3634 recto.
766 3567 879 3644 ¹Nullo
914 3575 1027 3632 autem

258 3677 399 3742 istorum
428 3675 609 3742 modorum
639 3685 796 3744 movetur
825 3677 929 3754 Deus,
948 3679 1027 3764 quia

256 3785 477 3874 proprietates
507 3787 650 3852 istorum
676 3793 831 3852 motuum
845 3869 846 3872 Ἴ
861 3807 930 3850 non
946 3807 1025 3852 con·

174 3949 176 3952 .
255 3895 397 3962 veniunt
425 3895 465 3962 ei.
515 3895 701 3962 Possumus
749 3901 861 3960 autem
900 3893 1023 3974 dicere,

257 4001 348 4090 quod
362 4003 417 4070 isti
433 4009 546 4070 motus
559 4001 631 4070 Deo
648 4003 854 4070 conveniunt
870 4003 1021 4090 mystice,

255 4115 292 4174 ut
308 4109 437 4178 dicutur
456 4111 586 4202 moueri
606 4119 700 4176 motu
721 4109 886 4190 circulari,
909 4109 1023 4176 omnia

254 4217 401 4308 regendo
445 4225 493 4286 et
526 4217 758 4308 gubernando.
790 4215 887 4294 ltem,
927 4223 1023 4282 motu

254 4335 357 4410 rectu,
383 4325 492 4394 bonos
517 4325 774 4394 remunerando.
803 4323 898 4406 Item,
927 4332 1021 4390 motu

254 4433 406 4524 obliquo,
425 4433 531 4502 malos
543 4435 720 4522 'puniendo
734 4439 753 4502 ¹.
776 4433 904 4500 Eodem
918 4433 1020 4498 modo

252 4551 365 4630 posset
382 4543 467 4620 dici,
500 4543 591 4632 quod
620 4543 714 4610 Deus
743 4547 899 4608 movetur
926 4547 1021 4606 motu

251 4639 420 4734 naturali,
466 4675 532 4742 quo
572 4651 669 4718 solita
697 4651 822 4718 scilieet
858 4649 1017 4728 bonitate,

251 4757 409 4824 omnihus
440 4759 599 4824 creaturis
629 4781 687 4848 pro
714 4765 814 4844 captu
844 4761 959 4820 aarum
986 4777 1019 4822 se

251 4869 490 4934 communicat.
519 4865 615 4948 item,
644 4875 739 4934 motu
764 4865 928 4940 violento,
952 4887 1017 4952 qno

251 4967 441 5062 peccatores
480 4973 570 5060 juste
605 4973 753 5040 damnat.
790 4973 887 5054 item,
923 4979 1017 5036 motu

250 5084 456 5168 voluntario,
473 5105 540 5172 quo
557 5091 675 5150 cuncta
689 5085 724 5150 in
740 5105 811 5150 esse
829 5087 1014 5146 conseruat.

251 5189 306 5258 Sio
340 5197 451 5280 potest
481 5193 604 5278 exponi
637 5189 763 5258 dictum
803 5189 1015 5276 Philosophi,

250 5305 306 5390 qui
341 5303 525 5390 assignavit
557 5309 689 5366 motum
719 5325 738 5366 a
770 5309 896 5378 oentrn,
920 5309 951 5366 el
977 5299 1017 5366 ad

249 5419 412 5486 centrum,
448 5417 479 5474 et
521 5411 607 5474 circe
649 5417 814 5492 centrum,
856 5409 1017 5496 quoniam

248 5515 339 5582 Deus
372 5525 531 5582 movetur
554 5513 597 5582 ad
616 5521 768 5582 centrum
803 5517 836 5578 iu
860 5515 1017 5580 incurua-

71 1253 78 1292 ε

107 1349 182 1398 urens
201 1337 246 1382 h0·

64 2039 71 2144 l

63 2155 72 2194 a

62 2195 71 2308 Ξῖ
103 2225 249 2284 Motustres.

284 5759 347 5816 ¹Cf.
365 5759 494 5830 Sepieut.
512 5777 569 5830 xiv,
585 5761 599 5814 3
610 5775 616 5826 ;
631 5761 730 5816 naith.
748 5777 813 5828 xxv,
844 5763 873 5814 31
902 5765 930 5816 θῖ
951 5777 1012 5830 riou.

283 5849 348 5906 ²Ci.
365 5849 401 5906 ad
417 5849 504 5904 ilcbr.
523 5867 541 5918 r,
560 5851 575 5902 2
589 5855 617 5904 et
632 5851 657 5906 3.

1101 649 1191 712 tione
1207 653 1230 722 2,
1247 653 1278 712 et
1294 669 1312 712 a
1328 655 1441 714 centro
1458 649 1493 712 in
1509 653 1716 728 ascensione,
1735 659 1765 718 θῖ
1782 651 1868 716 oirua
1969 689 1994 728 κς
2006 685 2025 712 a·

1100 761 1251 822 centrum
1277 755 1311 818 in
1331 755 1580 842 praedieatione.
1622 757 1767 848 Propter
1794 759 1867 824 haeo

1099 869 1131 928 et
1152 861 1204 928 his
1221 861 1344 928 similia
1364 863 1485 928 dicitur
1500 865 1533 928 in
1553 863 1641 930 libro
1661 863 1863 954 Sapientiae:

1100 971 1244 1060 Spiritus
1274 979 1407 1038 sauctus
1434 979 1467 1038 et
1495 971 1642 1050 mediiis,
1668 981 1699 1040 θῖ
1730 973 1866 1040 stabilis

1097 1085 1170 1144 est3
1193 1101 1198 1142 :
1217 1079 1367 1156 mobilis,
1386 1081 1464 1168 quia
1480 1079 1557 1146 lacit
1572 1089 1704 1148 sanctos
1721 1079 1863 1148 mobiles

1096 1187 1138 1252 ad
1157 1187 1242 1254 bene
1260 1187 1482 1276 operandum,
1501 1195 1533 1254 et
1556 1191 1591 1254 in
1611 1189 1701 1256 hono
1721 1187 1866 1276 profice-

1096 1321 1141 1364 re.
1163 1295 1299 1364 Stabilis
1319 1305 1445 1376 autem,
1464 1299 1542 1388 quia
1558 1299 1613 1366 dat
1629 1301 1662 1364 in
1682 1301 1772 1366 hono
1787 1323 1866 1388 per-

1096 1429 1247 1474 severare
1271 1429 1278 1474 :
1301 1407 1354 1472 vel
1376 1407 1511 1474 mobilis
1533 1409 1566 1472 in
1595 1409 1661 1490 via,
1684 1409 1809 1474 stabilis
1829 1409 1865 1482 in

1095 1517 1201 1602 patria
1220 1535 1226 1580 :
1244 1513 1298 1580 vel
1314 1513 1451 1580 mobilis
1475 1517 1510 1580 in
1536 1517 1664 1592 activis,
1687 1517 1814 1582 stabilis
1831 1517 1865 1582 in

1095 1621 1365 1712 contemplativis
1388 1643 1395 1688 :
1415 1621 1469 1688 vel
1490 1623 1625 1688 mobilis
1641 1625 1674 1688 in
1691 1625 1762 1690 aliis
1789 1647 1848 1690 san

1094 1731 1166 1808 ctiS,
1189 1729 1320 1796 ,stabilis
1346 1731 1380 1794 in
1409 1727 1555 1804 Christo.
1586 1731 1649 1796 isa.
1665 1733 1747 1820 xr‚2
1771 1733 1863 1798 :lle-

1092 1835 1236 1924 quieucct
1250 1859 1350 1926 super·
1371 1859 1446 1900 euru
1458 1835 1609 1924 ¹spiritus
1628 1837 1779 1914 Domini,
1796 1845 1857 1904 elo.

1138 1943 1332 2026 Sciendum,
1355 1943 1446 2034 quod
1474 1945 1627 2034 quaedam
1649 1947 1860 2036 operationes

1091 2051 1293 2118 attribuetur
1321 2051 1392 2116 Deo
1421 2051 1605 2118 seeundum
1626 2051 1858 2118 causalitatem
1880 2115 1881 2118 ,

1091 2167 1122 2226 et
1138 2161 1329 2240 essentiam,
1359 2167 1396 2226 ut
1426 2161 1509 2226 scire
1537 2183 1548 2238 εΙ
1568 2143 1857 2250 quaedamseuun-
1902 2213 1904 2216 -

1091 2271 1171 2336 dum
1193 2271 1421 2338 causalitatem
1452 2279 1483 2338 et
1503 2295 1568 2338 non
1601 2273 1791 2350 essentiam,
1820 2281 1857 2340 ut

1089 2381 1264 2444 comedere
1298 2387 1329 2444 et
1353 2365 1490 2444 currere
1521 2379 1715 2468 :quaedam
1735 2401 1871 2446 seeun-¹

1088 2485 1168 2552 dum
1195 2488 1385 2564 essentiam,
1418 2491 1449 2552 et
1469 2509 1537 2552 non
1558 2487 1798 2564 causalitatem,
1817 2495 1854 2552 ut

1088 2615 1199 2660 creare
1229 2593 1455 2680 etjustiircare
1489 2617 1494 2660 :
1527 2591 1683 2682 quaedam
1703 2579 1764 2660 nec
1793 2597 1851 2672 sie,

1086 2711 1123 2768 ut
1147 2725 1294 2792 peecare,
1314 2711 1345 2768 θῖ
1360 2693 1506 2784 mentiri,
1528 2711 1559 2768 et
1575 2701 1783 2790 hujusmodi.
1844 2791 1846 2798 X

1344 3255 1488 3322 Capul
1512 3255 1589 3320 XX.

1278 3467 1329 3530 Dc
1343 3463 1563 3554 simplicitate
1579 3465 1653 3530 Dei.

1126 3785 1278 3872 Simplex
1298 3791 1347 3850 est
1367 3783 1470 3864 Deus,
1493 3791 1524 3850 θῖ
1548 3783 1697 3872 Angelus
1722 3791 1754 3850 et
1774 3785 1847 3848 ani·

1070 3917 1146 3988 ¹ma,
1169 3893 1227 3960 sed
1256 3893 1466 3960 differenter:
1490 3893 1623 3982 quinio
1655 3893 1725 3960 Deo
1756 3893 1845 3962 idem

1078 4003 1245 4090 estquod
1274 4009 1332 4078 est,
1357 4007 1388 4068 et
1418 4023 1483 4090 quo
1514 4009 1563 4068 θεῖ
1598 4021 1604 4068 ;
1637 4009 1668 4066 θῖ
1701 4001 1773 4068 lreec
1796 4011 1845 4070 est
1896 4009 1898 4014 '

1076 4109 1221 4196 perlecta
1245 4107 1453 4196 simplicitas,
1485 4107 1567 4172 Haeo
1601 4107 1671 4174 sola
1697 4109 1843 4174 increata

1076 4223 1195 4280 natura
1211 4215 1296 4280 hano
1322 4215 1385 4280 sibi
1410 4215 1559 4280 vindieat
1579 4213 1839 4304 simplieitatem,

1075 4331 1111 4390 ut
1131 4317 1201 4388 non
1216 4323 1306 4388 aliud
1322 4331 1356 4388 et
1370 4323 1473 4412 aliud,
1492 4322 1569 4388 alibi
1584 4331 1615 4388 et
1630 4323 1721 4406 alibi,
1739 4325 1840 4390 modo

1076 4441 1107 4500 et
1130 4433 1232 4498 modo
1257 4433 1460 4500 inveniatur.
1486 4433 1525 4496 ln
1550 4455 1588 4496 eo
1609 4453 1730 4520 nempe
1751 4433 1844 4522 quod

1076 4541 1188 4618 habet,
1211 4547 1242 4606 θῖ
1258 4541 1349 4628 quod
1369 4547 1430 4624 est,
1449 4563 1581 4628 sempor
1596 4549 1627 4606 θῖ
1647 4563 1713 4606 uno
1738 4527 1840 4608 modo

1074 4655 1147 4714 est:
1171 4649 1276 4714 sedin
1296 4649 1427 4738 Angelo
1445 4657 1476 4714 et
1501 4649 1534 4712 in
1558 4635 1668 4714 anima
1685 4649 1841 4716 dilloruut

1074 4757 1165 4846 quod
1186 4765 1246 4838 est,
1264 4765 1378 4844 eiquo
1395 4765 1444 4824 θεῖ
1461 4781 1467 4822 ;
1487 4763 1519 4822 θῖ
1534 4757 1608 4824 ideo
1626 4765 1674 4822 est
1690 4757 1737 4824 ihi
1754 4739 1842 4846 quae-

1073 4865 1322 4944 demoliendas,
1342 4873 1372 4932 et
1389 4865 1601 4954 compositio,
1619 4865 1696 4930 licet
1711 4865 1756 4930 ihi
1771 4889 1839 4932 nou

1073 4975 1115 5040 sit
1139 4973 1304 5038 dimensio
1331 4973 1525 5060 quantitatis
1553 4993 1559 5036 τ
1595 4973 1683 5038 undo
1707 4973 1840 5038 lilercu-

1071 5085 1164 5148 rius:
1191 5105 1206 5144 <r
1224 5081 1262 5144 ln
1283 5079 1575 5168 supercoelestibus
1596 5085 1645 5144 ost
1665 5079 1786 5156 unitae,
1805 5081 1839 5144 in

1073 5215 1088 5252 a
1107 5189 1295 5256 coelestibus
1325 5187 1482 5262 alteritas,
1521 5189 1554 5252 iu
1583 5185 1837 5252 suboculestibus

1073 5325 1088 5364 o
1106 5299 1289 5390 pluralitus
1310 5325 1325 5360 u

1116 5405 1268 5492 Simplex
1289 5411 1338 5470 est
1365 5405 1476 5492 itaque
1502 5405 1590 5468 Deus
1616 5405 1649 5468 in
1679 5405 1833 5486 essentie,
1872 5423 1989 5496 Simplex

1070 5515 1149 5602 quio
1177 5511 1260 5576 nihil
1291 5513 1319 5576 oi
1354 5511 1507 5576 accidens
1527 5535 1598 5580 esse
1619 5519 1740 5600 potest,
1767 5515 1834 5578 imo
1869 5489 1992 5600 {³}ss}ss

1102 5759 1249 5830 3sapient
1276 5777 1321 5826 ru,
1339 5761 1372 5812 22
1390 5761 1471 5814 era-3.
