4250 6376
308 473 349 538 22
794 475 835 540 ε.
860 447 959 538 ma.
986 473 1092 538 εεθ.
1122 443 1224 538 oro.
1250 469 1398 544 ramo.

312 649 402 716 enim
426 667 557 712 summe
581 645 766 736 perfeetum
789 655 849 728 est,
869 649 922 712 eui
941 651 1077 712 nonest

312 755 480 844 possibilis
516 757 627 844 aliqua
670 755 808 822 additio.
834 755 901 820 Per
929 757 1077 842 primurn

313 869 486 952 separatur
518 863 607 928 Deus
637 865 678 928 ab
699 865 793 928 omni
818 861 996 950 corporali.
1014 859 1079 926 Per

313 967 497 1036 seeundum
524 969 563 1036 ab
599 973 692 1036 omni
722 967 888 1036 variabili.
915 967 981 1032 Per
1010 975 1079 1032 ter-

312 1077 397 1142 tium
418 1075 458 1142 ab
476 1077 568 1142 omni
584 1079 783 1166 composito.

357 1185 441 1250 ltem
461 1193 553 1264 nota,
577 1185 668 1274 quod
683 1183 765 1252 illud
782 1183 871 1274 quod
887 1191 976 1250 earet
990 1183 1081 1272 prin·

316 1293 403 1382 oipio
419 1299 451 1358 et
465 1291 544 1374 tine,
577 1291 697 1360 dieitur
711 1303 886 1370 aeternam,
917 1297 956 1356 ut
975 1293 1077 1376 Deus,

315 1399 410 1486 eujus
437 1423 510 1466 esse
534 1399 789 1468 interminatum
818 1411 877 1468 θεῖ.
911 1399 978 1464 Sed
1006 1419 1079 1488 quae

315 1507 519 1598 prineipium
533 1505 659 1572 habent
674 1515 706 1574 et
728 1517 840 1576 earent
863 1507 942 1588 fine,
962 1507 1080 1574 dieun-

315 1623 370 1682 tur
381 1623 557 1704 perpetua,
587 1621 623 1680 ut
646 1615 798 1702 Angelus
818 1623 849 1682 et
864 1615 980 1682 horno.
998 1613 1079 1692 oue

315 1747 396 1790 vero
417 1723 618 1814 principium
636 1731 668 1790 et
687 1723 789 1790 tinem
805 1723 942 1802 habent,
960 1723 1080 1790 dieun-

314 1839 369 1896 tur
403 1831 618 1920 temporalia,
648 1837 685 1896 ut
720 1839 798 1898 sunt
835 1831 1077 1920 corruptibilia,

293 1941 399 2026 sieut
417 1939 627 2028 vegetabilia,
658 1937 768 2024 bruta,
792 1947 822 2006 et
847 1939 1028 2020 sensibilia,
1048 1947 1079 2006 et

313 2045 518 2134 hujusmodi.

504 2415 506 2418 -
566 2365 710 2432 CAPUT
730 2363 865 2430 xm..
966 2377 967 2380 ’

437 2579 488 2644 De
509 2575 852 2642 incommutabilitate
870 2577 945 2642 Dei.

360 2899 650 2968 incommutabilis
677 2908 726 2968 θεῖ
757 2901 860 2980 Deus,
896 2911 928 2968 et
955 2903 1082 2992 imper·-

307 3009 498 3088 'mutabilis
526 3013 603 3100 quia
632 3033 701 3076 uon
731 3011 818 3078 eadit
846 3013 880 3076 in
904 3033 943 3078 eo
969 3019 1081 3078 motus

155 3115 287 3226 gggussngg
317 3117 543 3196 araridentalis,
580 3117 705 3184 soilioet
744 3119 1080 3206 augrnentun1.³te0

167 3241 246 3298 naeu,
260 3245 286 3288 er
317 3225 431 3314 Papa:
452 3249 467 3290 ε
488 3223 638 3314 Simplici
653 3235 780 3292 naturae
798 3225 981 3292 divinitatis
998 3225 1081 3292 nihil

167 3305 267 3368 quere?
307 3343 335 3398 ἐ
357 3333 433 3398 addi
458 3331 512 3398 vel
532 3331 673 3398 diminui
695 3341 827 3422 potest:
853 3337 930 3422 quia
950 3357 1083 3422 semper

318 3449 407 3508 »θεῖ
433 3441 524 3530 quod
548 3447 609 3508 est.
636 3469 649 3502 ε
673 3441 769 3526 Item,
799 3463 859 3508 nee
888 3443 1080 3526 diminutio.

317 3551 460 3618 lllalaob.
496 3553 611 3628 neti:
641 3555 717 3642 Epo
746 3555 925 3638 Dominae,
958 3563 988 3620 et
1015 3577 1082 3620 reon

318 3669 442 3724 rnutor.
461 3659 557 3740 llam,
576 3661 958 3740 neealte1·atio.laeobi,
977 3685 999 3740 1,
1019 3661 1080 3728 ll:

317 3769 424 3856 Apud
449 3787 544 3856 quem
568 3789 633 3832 εοε
663 3777 709 3832 θεῖ
734 3771 989 3844 transmutatio,
1020 3775 1081 3838 eto.

307 3867 415 3954 ltem,
455 3895 516 3938 noe
557 3873 886 3942 seeundum‘loeum
926 3881 1081 3958 tentatie,

320 3985 398 4072 quie
414 3981 539 4070 ubique
561 4003 706 4070 praesens
723 3991 772 4066 θεῖ
788 4001 810 4048 ¹.
839 3985 963 4052 terem.
986 4009 1081 4068 mnu,

319 4093 382 4156 ot:
403 4089 531 4156 Cretam
557 4099 586 4156 et
614 4099 740 4156 terram
770 4117 828 4180 epo
850 4097 987 4184 impleo
1019 4095 1083 4162 lm-

317 4199 549 4288 permutabilis
570 4207 693 4266 autem*
713 4211 774 4278 θεῖ,
802 4205 972 4290 quianon
996 4207 1083 4270 eadit

319 4311 352 4374 in
382 4331 459 4374 eum
480 4315 589 4372 motus
619 4309 859 4386 substantialis,
892 4315 949 4400 qui
973 4321 1022 4378 est
1043 4315 1083 4382 de

318 4439 387 4482 non
422 4439 493 4480 θεεθ
523 4415 563 4482 arl
597 4439 680 4492 θεεθ,
716 4423 753 4482 εῖ
785 4423 966 4508 θθεεεεῖῖθ,
1004 4423 1082 4510 quia

312 4525 419 4590 ‘finem
435 4547 503 4590 non
528 4525 684 4592 habebit:
704 4527 786 4594 illud
807 4531 897 4594 enim
921 4529 1081 4596 salumin

316 4631 400 4696 uihil
417 4637 465 4696 θεῖ
480 4627 643 4706 vertibile,
663 4629 753 4718 quod
769 4631 808 4696 de
830 4629 936 4696 nihilo
957 4633 1080 4700 laetum

317 4743 375 4802 θεῖ.
400 4733 689 4800 lnoommutabills
710 4741 759 4798 θεῖ
788 4735 888 4800 etiam
914 4737 1016 4816 Deos,
1040 4761 1081 4804 ex

315 4867 354 4912 eo
371 4843 462 4932 quod
478 4865 546 4908 non
566 4843 654 4906 eadit
672 4843 706 4908 in
723 4867 800 4906 eum
818 4853 929 4910 motus
946 4867 987 4912 ex
1003 4869 1080 4936 ope-

314 4955 454 5018 ratione.
483 4951 568 5014 Nam
594 4949 657 5016 soli
682 4949 751 5014 lieo
770 4953 928 5018 eonvenit
949 4955 983 5018 in
998 4977 1078 5042 ope·

314 5061 441 5126 ratione
462 5061 614 5146 quietum
630 5079 712 5122 ease.
738 5057 832 5124 tfnde
852 5059 989 5128 Boetius
1013 5085 1019 5128 :

313 5257 333 5310 0
350 5255 400 5326 qui
416 5259 558 5326 perpetua
574 5253 717 5308 munitum
734 5253 846 5308 ratione
867 5253 1026 5324 gubernas,
1063 5275 1064 5278 ¹

313 5347 467 5400 Terrarum
486 5347 617 5416 omliquae
643 5349 732 5410 sator,
753 5345 804 5414 qui
818 5335 936 5416 ¹tempus
960 5347 1002 5400 ab
1017 5343 1077 5404 'ravo

311 5437 356 5488 Ire
380 5435 478 5506 iubes,
496 5435 666 5504 stabilisque
686 5451 810 5490 manens
827 5435 879 5490 elas
895 5443 1002 5492 ennete
1018 5455 1077 5492 mo-

680 5537 682 5540 “
973 5541 974 5544 ’
988 5529 1077 5598 {veri

347 5755 355 5788 ¹
372 5755 411 5810 Cf.
430 5757 492 5810 Αθῖ.
504 5773 570 5824 xvir,
587 5757 620 5810 27
636 5761 664 5808 et
680 5757 723 5810 28.

347 5845 357 5880 2
374 5845 413 5898 Cf.
428 5845 516 5912 lonae,
536 5863 576 5908 ur,
593 5847 618 5898 2.

1178 643 1275 712 Unde
1291 643 1425 732 quando
1438 643 1530 712 Deus
1553 643 1632 712 feeit
1650 643 1796 734 aliquam
1814 667 1897 728 rem,
1924 653 1996 718 oeus¹
2011 687 2029 726 e

1133 765 1202 818 non
1221 751 1257 818 fu
1277 753 1311 816 in
1332 755 1406 842 ipso
1430 751 1501 818 Deo
1527 751 1641 842 aliqua
1666 753 1820 836 mutatio,
1843 753 1902 820 sed
1921 741 2029 852 „⁰0lffllu'

1132 863 1168 928 in
1192 887 1227 928 re
1248 863 1334 928 eirea
1358 883 1460 952 quarn
1482 869 1651 952 operatur.
1676 861 1771 940 Quod
1790 871 1902 928 autern
1972 861 2021 910 ²⁰¹⁸·

1133 973 1210 1038 lecit
1236 973 1326 1038 lleus
1349 973 1530 1060 praedicare
1556 973 1824 1040 subversionem
1842 973 1904 1038 Ni-

1133 1081 1245 1162 niver,
1277 1087 1308 1144 et
1332 1079 1511 1168 praedicere
1545 1087 1688 1146 mortem
1716 1081 1902 1160 Eueohiaei,

1135 1211 1279 1276 quorum
1304 1195 1461 1254 neutrum
1487 1187 1617 1264 oceidit,
1636 1189 1670 1252 iu
1695 1189 1818 1254 talibus
1835 1211 1902 1254 nou

1134 1297 1278 1362 mutavit
1291 1297 1383 1364 Deus
1399 1297 1589 1374 eonsilium,
1609 1297 1700 1384 quod
1720 1297 1760 1364 ab
1776 1305 1900 1364 aeterno

1134 1427 1248 1472 seeum
1273 1405 1402 1482 habuit,
1427 1403 1486 1470 sed
1510 1407 1722 1488 sententiam,
1751 1429 1824 1494 quae
1849 1429 1903 1472 re-

1134 1523 1286 1604 spectum
1316 1513 1431 1580 habuit
1461 1515 1503 1580 ael
1532 1517 1605 1602 ipsa
1634 1515 1797 1604 negotia:
1826 1515 1905 1602 quia

1133 1623 1257 1690 Ninive
1279 1621 1504 1690 subvertenda
1526 1629 1597 1688 erat
1624 1623 1809 1688 seeundum
1832 1645 1906 1690 me-

1133 1735 1225 1798 rita:
1253 1739 1284 1798 et
1311 1729 1470 1798 Ezechias
1490 1729 1676 1796 moriturus
1697 1737 1766 1796 erat
1790 1753 1906 1796 seeun-

1133 1843 1215 1906 dum
1253 1861 1369 1906 oausas
1403 1837 1578 1906 interiores
1615 1861 1621 1904 :
1663 1837 1720 1904 sed
1744 1837 1904 1906 haeenon

1133 1953 1368 2040 imposuerunt
1397 1951 1629 2014 necessitatem
1681 1947 1803 2014 divinae
1840 1971 1904 2036 po-

1131 2063 1257 2128 tentiae.

1177 2169 1274 2246 Item,
1303 2175 1370 2234 tres
1391 2167 1644 2256 distinguuntur
1667 2173 1791 2248 irrotare,
1811 2165 1901 2230 seili-
1943 2204 2029 2268 prim„

1134 2283 1184 2340 eet
1217 2275 1390 2352 naturalis,
1419 2273 1629 2340 voluntarius
1659 2281 1691 2338 θῖ
1719 2275 1899 2340 violentus.
1918 2271 2029 2326 metuar

1133 2383 1303 2450 Naturalis
1322 2389 1382 2464 θεῖ,
1400 2405 1465 2472 quo
1482 2381 1678 2448 naturaliter
1695 2403 1745 2446 res
1761 2381 1902 2448 tendunt
1918 2331 2029 2444 lllllll'ul

1134 2489 1175 2556 ad
1202 2489 1315 2556 lorum
1344 2491 1530 2578 proprium.
1554 2487 1666 2554 Motus
1697 2495 1808 2554 autem
1831 2491 1903 2554 vio·
1919 2455 2029 2508 l¹⁰¹e²³l⁰

1134 2600 1243 2666 lentus
1277 2605 1338 2678 est,
1370 2597 1504 2686 quando
1543 2603 1710 2686 eoguntur
1743 2619 1797 2662 res
1831 2617 1902 2662 esse

1136 2713 1230 2772 extra
1254 2705 1367 2792 laeum
1395 2705 1571 2792 proprium
1599 2725 1605 2768 :
1634 2701 1693 2768 sed
1712 2709 1904 2770 motusve-

1134 2809 1300 2876 luntarius
1316 2815 1367 2876 est
1386 2809 1421 2872 in
1444 2805 1724 2896 hominibusvel
1744 2805 1905 2896 intinge·

1113 2923 1175 3010 lis
1209 2943 1319 2988 :uam
1347 2919 1444 2986 bruta
1483 2917 1680 2986 naturaliter
1711 2923 1902 3000 moventur,

1105 3079 1106 3082 ¹
1137 3029 1271 3120 quando
1288 3037 1437 3106 uerrunt,
1454 3027 1508 3094 vel
1528 3033 1721 3108 moventur,
1736 3025 1800 3092 vel
1822 3049 1906 3114 ope-

1136 3145 1277 3204 rantur:
1306 3139 1423 3204 eliste
1451 3141 1561 3202 motus
1589 3143 1638 3202 est
1663 3133 1794 3202 medius
1820 3137 1906 3202 inter

1136 3247 1325 3312 naturalem
1355 3251 1386 3310 et
1418 3243 1604 3310 violentum
1633 3265 1639 3310 :
1673 3243 1751 3330 quia
1783 3243 1915 3330 partim,

1137 3363 1186 3422 est
1203 3353 1376 3430 naturalis,
1391 3351 1524 3418 seilicet
1543 3351 1576 3414 in
1597 3357 1762 3438 quantum
1781 3349 1905 3416 volun-

1137 3471 1187 3530 tas
1221 3461 1436 3550 eonjungitur
1474 3481 1535 3524 suo
1565 3457 1663 3532 aetui,
1696 3449 1780 3522 sieut
1806 3481 1906 3524 eausa

1130 3571 1199 3640 *sno
1221 3569 1354 3636 θῖῖθθῖεῖ
1376 3591 1382 3634 :
1411 3575 1443 3634 et
1463 3567 1584 3656 partim
1610 3573 1659 3632 est
1673 3565 1854 3644 violentus,
1872 3567 1906 3632 in

1139 3687 1302 3770 quantum
1323 3677 1447 3742 soilieet
1463 3682 1643 3760 moventur
1663 3673 1815 3740 membra
1830 3697 1906 3740 eon·

1136 3795 1188 3854 tra
1217 3793 1348 3852 motum
1378 3805 1477 3850 suum
1506 3783 1695 3850 naturalem
1726 3789 1908 3870 :propter

1139 3891 1228 3982 quod
1255 3893 1353 3958 etiam
1374 3889 1554 3968 lassantur,
1574 3913 1647 3980 quae
1671 3913 1712 3958 θε
1730 3897 1824 3958 motu
1849 3913 1907 3958 na-

1136 3999 1236 4066 turali
1256 4009 1443 4088 numquam
1463 3998 1680 4066 lassarentur.

1181 4107 1287 4198 Igitur
1322 4107 1430 4196 primo
1465 4107 1567 4174 modo
1597 4129 1666 4172 nou
1697 4113 1745 4174 est
1769 4109 1803 4174 in
1817 4107 1902 4188 Dee,
1922 4141 2007 4190 olores

1130 4207 1262 4282 seilicet
1285 4213 1461 4294 naturalis,
1493 4223 1524 4280 θῖ
1562 4213 1626 4282 hoo
1658 4215 1821 4304 probatur
1847 4207 2016 4330 lisssssllqisso

1138 4333 1281 4414 quatuor
1301 4327 1459 4390 rationes.
1478 4323 1593 4390 Prima
1609 4331 1669 4404 est,
1697 4325 1775 4414 quia
1796 4327 1906 4392 omnis
1975 4333 2028 4414 110²}

1130 4443 1249 4524 motus
1275 4441 1324 4498 θεῖ
1349 4429 1390 4498 ad
1411 4431 1570 4520 quietem,
1594 4439 1627 4498 θῖ
1656 4441 1793 4520 propter
1818 4433 1906 4498 indi·
2024 4417 2027 4424 ¹

1136 4543 1296 4630 gentiam,
1333 4539 1418 4606 sieut
1446 4539 1524 4606 dieit
1554 4537 1782 4628 Philosophus
1811 4561 1816 4606 :
1848 4543 1906 4608 sed

2024 4037 2028 4090 3

1127 4649 1226 4716 'Deus
1250 4649 1374 4714 nullius
1396 4657 1482 4738 eget.
1511 4647 1665 4714 Secunda
1682 4657 1742 4732 θεῖ,
1763 4673 1840 4716 θεῖε
1862 4655 1905 4718 sit

1135 4757 1273 4846 ubique,
1304 4779 1372 4822 non
1404 4755 1506 4822 habet
1535 4777 1669 4822 neeesse
1691 4757 1728 4822 de
1758 4757 1832 4824 loeo
1862 4759 1903 4826 ad

1134 4863 1247 4930 loeum
1275 4863 1413 4930 moveri.
1436 4861 1546 4928 Tertia
1573 4871 1635 4940 est,
1661 4867 1828 4952 quianon
1853 4875 1902 4932 θεῖ

1133 4973 1167 5036 in
1189 4993 1227 5036 eo
1244 4973 1401 5058 gravitas,
1424 4969 1477 5036 rel
1491 4969 1621 5052 levitae,
1644 4981 1901 5062 propterquam

1135 5101 1269 5142 sursum
1298 5087 1329 5144 et
1359 5077 1516 5144 deorsum
1541 5085 1739 5146 moveatur.
1775 5079 1901 5158 Quarta

1134 5191 1194 5262 ost,
1231 5185 1322 5272 quod
1351 5209 1428 5250 θεῖε
1462 5185 1563 5250 [ῖθεε
1582 5187 1616 5250 in
1638 5187 1748 5274 seipso
1769 5209 1901 5278 semper

1125 5301 1278 5374 maneat,
1297 5317 1363 5358 non
1389 5293 1488 5358 habet
1515 5315 1650 5360 neeesse
1678 5293 1791 5360 loeum
1820 5319 1901 5384 pro-

1133 5401 1244 5488 prium
1261 5407 1293 5466 et
1311 5401 1372 5464 sibi
1390 5401 1578 5466 naturalem
1604 5409 1697 5468 extra
1721 5425 1755 5468 εθ
1772 5425 1898 5492 quaere-

1131 5533 1178 5586 re,
1206 5509 1291 5574 sieut
1324 5507 1396 5574 aliae
1430 5515 1596 5576 creaturae.
1622 5509 1718 5592 Item,
1751 5513 1897 5578 seeundo

1166 5755 1232 5836 ³Cl.
1251 5755 1305 5810 ῖεε.
1324 5773 1436 5820 xxxviii,
1454 5759 1462 5808 ῖ
1482 5761 1588 5824 etseq.
1648 5749 1649 5752 ¹
