4266 6384
132 1397 269 1460 lloltiplox

144 1461 213 1512 Deus
227 1463 255 1512 in

158 1525 245 1576 donis.

134 1911 269 1978 Composi-

119 1977 156 2026 tio
173 1979 201 2026 in
223 1979 276 2028 Deo

132 2053 185 2088 non
205 2044 253 2098 eet,

125 2109 150 2152 ot
165 2105 267 2166 qrraro?

302 471 344 536 at

297 637 443 726 perlecta
464 639 657 726 simplicitas
683 639 726 704 ibi
753 647 812 722 est,
829 663 906 706 oum
932 639 1065 706 nonsit

299 747 345 812 ibi
376 747 568 836 potentialis
602 747 756 816 additio:
791 753 869 840 quia
902 747 1065 838 quidquid

296 863 346 922 est
362 857 394 920 in
415 855 498 936 Dec,
526 857 615 924 Deus
645 865 705 924 est.
730 857 825 924 Unde
845 859 912 924 ¹Leo
938 857 1061 944 Papa:

297 987 313 1026 a
338 949 504 1050 Simplicis
526 963 709 1032 diuinitatis
724 973 850 1032 naturae
870 963 953 1032 nihil
970 963 1060 1044 addi,

297 1091 314 1132 a
329 1069 383 1136 vel
399 1071 504 1136 nrinni
518 1077 627 1160 potest
643 1091 650 1136 :
670 1071 748 1158 quia
764 1095 897 1160 semper
912 1071 1062 1158 estquod

297 1203 314 1238 a
340 1185 400 1266 est,
432 1165 487 1244 oui
514 1179 690 1268 proprium
728 1187 777 1246 θεῖ
818 1179 1061 1268 sempiternum

298 1311 411 1376 cesse,
426 1291 478 1356 eui
490 1291 579 1356 idom
596 1297 645 1356 est
656 1291 770 1358 virore
785 1299 817 1358 θῖ
829 1291 1026 1380 intelligere.
1043 1315 1058 1356 s

795 471 837 540 D.
863 473 962 540 ΑΕΒ.
988 471 1095 542 MAG.
1124 471 1226 542 ORD.
1253 471 1400 542 PRAED.

1373 1073 1517 1142 CAPUT
1540 1075 1635 1142 Xlll.

1318 1287 1369 1350 De
1392 1287 1592 1352 accettando
1610 1287 1686 1352 Dei.

341 1395 584 1464 Verumtamen
612 1399 788 1488 multiplex
814 1407 863 1466 est
891 1399 924 1464 in
950 1397 1057 1464 donis.
1114 1407 1115 1410 ’

294 1503 502 1594 Apostolus:
525 1507 598 1574 Alii
614 1529 675 1596 per
688 1509 847 1596 spiritum
872 1507 975 1572 detur
989 1529 1061 1572 ser-

295 1635 349 1678 mo
368 1615 553 1702 sapientiae,
572 1623 633 1680 eto,
653 1613 675 1680 ¹.
697 1613 838 1680 Jacobi:
860 1615 965 1682 Omne
995 1613 1060 1680 do·-

295 1731 368 1788 tum
394 1725 573 1812 optimum,
601 1733 630 1792 et
659 1745 756 1790 enarre
789 1725 916 1792 doraum
943 1725 1049 1814 persc-

293 1839 396 1910 ctum,
419 1841 480 1900 etc.
494 1833 515 1900 ².

337 1937 414 2004 Non
443 1941 533 2006 enim
555 1941 590 2006 in
612 1941 680 2006 [leo
702 1947 750 2008 θεῖ
771 1941 970 2028 compositio
986 1963 1059 2028 par·

290 2049 375 2112 tium
416 2047 645 2136 integralium,
681 2055 717 2114 ut
747 2051 780 2114 in
819 2049 921 2116 domo
955 2069 962 2116 τ
997 2073 1058 2118 areo

290 2153 435 2244 partium
460 2157 708 2244 potentialium,
732 2164 771 2223 ut
795 2157 828 2222 in
849 2157 972 2234 anima,
995 2177 1058 2222 neo

288 2263 420 2352 generis
455 2269 488 2330 et
525 2261 732 2344 differentia,
774 2271 810 2328 ut
844 2265 878 2328 in
907 2263 1016 2352 specie
1048 2285 1054 2328 :

288 2391 349 2436 nec
368 2371 515 2436 materia
533 2379 563 2436 et
583 2369 711 2448 lormae,
725 2377 762 2436 ut
782 2371 816 2436 in
832 2371 1029 2460 corporibus
1048 2391 1054 2436 ε

289 2499 350 2544 θθθ
383 2477 646 2544 conservationis
668 2475 849 2560 unitatum,
871 2485 908 2544 ct
935 2477 969 2544 in
992 2501 1057 2544 uu-

288 2607 382 2652 mero
407 2605 414 2650 ;
441 2607 502 2652 neo
524 2583 614 2674 quod
639 2591 701 2668 est,
724 2591 755 2650 et
780 2607 846 2674 quo
873 2593 934 2664 est,
962 2591 999 2652 ut
1022 2587 1058 2652 in

287 2691 419 2782 Angelo
452 2715 459 2760 ς
497 2691 772 2760 consubstantiae
801 2701 834 2760 et
861 2693 1053 2772 accidentis,

286 2809 324 2868 ut
347 2801 381 2864 in
405 2799 578 2866 individuo
605 2823 610 2864 z
634 2821 694 2866 uec
715 2823 883 2888 corporeae
899 2799 1056 2866 substan-

287 2909 341 2976 tia
369 2915 400 2974 θῖ
438 2907 658 2996 incorporem,
692 2913 729 2972 ut
759 2911 792 2974 in
820 2907 971 2974 homine.
1007 2909 1056 2976 De

287 3014 339 3081 his
373 3015 566 3082 Bernartius
585 3037 591 3082 :
612 3041 627 3080 c
646 3015 722 3080 Non
752 3015 902 3106 partibus
927 3023 1058 3082 constat

240 3219 242 3222 Ι
291 3149 307 3190 c
324 3123 429 3206 Deus,
448 3131 483 3192 ut
500 3147 619 3212 corpus
645 3147 652 3192 :
678 3147 740 3190 uec
755 3123 929 3192 affectibus
944 3125 1054 3204 distat,

291 3255 307 3298 c
325 3239 362 3300 ut
374 3233 486 3300 anima
507 3259 520 3302 .·
536 3255 597 3298 nec
612 3233 730 3300 formis
745 3233 885 3314 substat,
904 3243 941 3302 ut
957 3257 1056 3300 omne

293 3369 309 3402 a
326 3339 416 3428 quod
436 3341 637 3408 factumest.
664 3365 678 3402 n

332 3445 405 3512 Hoc
436 3447 536 3514 etiam
580 3447 768 3514 ostenditur
801 3449 942 3526 ratione,
978 3447 1057 3538 quia

290 3549 366 3620 cum
402 3575 502 3620 omne
546 3555 771 3644 compositum
816 3557 858 3622 sit
890 3557 1057 3646 posterius

289 3660 447 3728 omnibus
468 3663 537 3728 suis
561 3663 874 3750 compositionibus,
897 3687 959 3730 neo
985 3665 1059 3752 pri-

290 3791 346 3834 mo
372 3769 549 3858 principio,
576 3769 701 3836 scilicet
724 3769 807 3848 Deo,
827 3769 990 3858 quidquid
1016 3771 1058 3838 sit

289 3879 394 3966 prius,
426 3885 560 3966 oportet
587 3879 710 3956 Deum,
742 3879 798 3968 qui
832 3887 879 3946 est
908 3879 1056 3966 primum

227 4041 228 4044 ,
289 3985 506 4074 principium,
528 4009 597 4052 non
614 4007 684 4052 esse
700 3989 939 4076 compositum.
962 3987 1058 4052 Pra-

289 4225 388 4270 suum
418 4225 490 4270 esse
520 4227 526 4270 :
568 4203 654 4272 Deus
683 4203 786 4294 igitur
804 4227 880 4272 cum
898 4207 938 4272 sit
958 4227 1058 4272 suum

290 4333 375 4392 csse,
401 4335 470 4380 non
500 4315 561 4380 erit
594 4315 813 4402 oonrpositcs.
848 4315 942 4384 Unde
972 4315 1059 4382 ider-

289 4423 414 4492 nardus
433 4443 440 4488 τ
460 4447 475 4486 c
494 4423 571 4490 Non
587 4432 636 4489 est
651 4421 813 4490 formatus
830 4423 933 4504 Deus,
951 4423 1059 4494 forma

292 4559 309 4598 a
331 4539 381 4600 θεῖ
402 4551 409 4596 :
432 4555 501 4600 uon
536 4539 585 4600 est
613 4531 749 4600 effectus
773 4533 876 4614 Deus,
904 4535 1058 4602 omnium

293 4665 310 4706 c
332 4641 478 4708 efficiens
503 4663 604 4708 causa
629 4647 678 4708 θεῖ
699 4651 864 4710 :nonest
887 4647 1059 4734 composi-

293 4771 310 4812 «
331 4757 385 4814 tus
399 4749 502 4834 Deus,
518 4749 662 4838 simplex
682 4757 741 4818 θεῖ.

331 5849 338 5882 1
354 5847 366 5898 l
382 5845 417 5900 ad
434 5847 564 5904 Corinth.
581 5865 627 5914 xrr,
643 5847 669 5900 8.

1160 1615 1292 1680 Divinae
1307 1615 1479 1704 dignitatis
1493 1617 1689 1684 excellentia
1709 1625 1800 1684 tanta
1821 1627 1881 1700 θεῖ,

1118 1723 1207 1812 quod
1223 1745 1318 1790 niens
1334 1723 1374 1790 de
1397 1725 1470 1792 Deo
1486 1725 1637 1816 cogitans
1662 1725 1784 1804 delicit,
1807 1749 1884 1794 cum

1117 1833 1158 1898 sit
1200 1831 1549 1920 incomprehensibilis
1598 1855 1605 1900 ε
1660 1855 1778 1900 sensus
1807 1857 1884 1902 eum

1116 1963 1185 2006 non
1200 1941 1352 2028 percipit,
1376 1965 1452 2008 cum
1477 1943 1519 2006 sit
1547 1939 1725 2008 invisibilis
1744 1961 1751 2010 :
1769 1941 1886 2032 lingua

1116 2049 1225 2138 ipsum
1246 2073 1314 2114 uon
1328 2049 1490 2140 {explicat
1517 2073 1593 2116 oum
1619 2049 1660 2116 sit
1674 2049 1852 2118 ineffabilis
1876 2073 1883 2118 τ

1114 2157 1207 2224 ῖθθθε
1223 2181 1302 2224 eum
1322 2181 1391 2226 non
1406 2157 1619 2248 {oapitfffcum
1646 2159 1688 2224 sit
1708 2159 1888 2226 incircum-

1115 2265 1307 2356 scriptibilis
1331 2287 1338 2332 ε
1368 2269 1532 2358 scriptura
1548 2289 1624 2334 oum
1641 2289 1710 2334 non
1727 2267 1893 2358 explicat,

1115 2397 1191 2442 oum
1207 2377 1249 2442 sit
1268 2373 1513 2442 inaestimabilis
1532 2395 1539 2442 :
1555 2381 1689 2464 tempus
1710 2399 1787 2442 enm
1815 2399 1884 2442 non

1114 2489 1298 2562 mensurat,
1317 2483 1452 2550 comsit
1478 2481 1763 2550 immensurabilis
1786 2507 1792 2550 :
1814 2485 1885 2550 rir-

1113 2601 1265 2658 tuscum
1285 2613 1355 2656 non
1377 2591 1523 2682 attingit,
1539 2613 1616 2658 oum
1642 2593 1683 2658 sit
1708 2593 1887 2658 inaccessi·

1112 2703 1188 2771 bilis
1220 2727 1227 2772 :
1265 2701 1430 2770 desideria
1463 2709 1494 2770 θῖ
1526 2709 1606 2768 vau
1624 2703 1882 2794 transgreditur,

1113 2837 1190 2882 cunr
1229 2815 1270 2880 sit
1300 2811 1549 2900 insuperabilis,
1586 2811 1640 2878 vel
1672 2811 1884 2900 incompara-

1112 2925 1189 2992 bilis
1221 2943 1228 2992 ε
1264 2931 1296 2990 θῖ
1326 2923 1473 2992 breviter
1507 2923 1618 2988 omnis
1656 2929 1809 2988 ereatura
1843 2923 1885 2990 ad

1112 3033 1223 3100 Deum
1248 3039 1453 3120 comparata,
1476 3029 1642 3096 defectum
1658 3029 1759 3096 habet
1778 3051 1785 3096 :
1805 3031 1883 3118 quia

1112 3143 1198 3210 liniti
1223 3141 1265 3210 ad
1294 3141 1461 3208 inlinitum
1488 3139 1581 3206 nulla
1615 3147 1664 3206 θεῖ
1693 3141 1879 3228 proportio.

1112 3249 1197 3316 Ecce
1216 3255 1319 3336 patet,
1347 3247 1439 3336 quod
1461 3245 1574 3312 divina
1595 3245 1791 3312 excellentia
1811 3245 1884 3312 nul-

1111 3355 1176 3422 lius
1192 3363 1278 3444 egat,
1299 3353 1378 3442 quia
1394 3353 1458 3420 sibi
1482 3351 1617 3432 suflicit,
1634 3353 1797 3440 quoniam
1817 3375 1882 3440 op-

1112 3465 1215 3530 timus
1231 3471 1291 3530 est.
1310 3463 1387 3528 Non
1409 3463 1500 3528 enim
1521 3459 1648 3548 indiget
1669 3483 1832 3550 corpore„
1845 3467 1883 3526 ut

1107 3571 1166 3660 sit,
1190 3567 1352 3648 melaac,
1370 3575 1407 3634 ut
1423 3563 1545 3634 alicubi
1561 3567 1614 3642 sit,
1631 3587 1692 3632 neo
1717 3573 1881 3654 tempore,

1112 3687 1149 3746 ut
1178 3677 1359 3768 aliquando
1385 3681 1440 3758 sit,
1461 3699 1523 3744 neo
1547 3697 1660 3760 eausa,
1686 3683 1724 3742 ut
1748 3675 1881 3742 aliunde

1112 3789 1166 3872 sit,
1184 3809 1245 3856 nec
1272 3787 1395 3868 forma,
1412 3791 1451 3852 ut·
1472 3785 1611 3852 materia
1640 3787 1694 3862 sit,
1717 3807 1779 3852 neo
1798 3785 1881 3852 sub-

1108 3897 1197 3984 jecto
1213 3897 1248 3962 in
1264 3915 1331 3984 quo
1346 3895 1518 3972 subsistat,
1535 3891 1590 3960 vel
1610 3895 1663 3956 cui
1682 3893 1827 3960 assistat.

1158 4001 1245 4068 Sunt
1264 4009 1296 4066 θῖ
1316 3999 1380 4068 θῖῖθ
1396 4023 1470 4090 quae
1487 3999 1550 4066 soli
1570 3999 1692 4066 divinae
1712 4001 1878 4088 majestati

1112 4219 1234 4312 quibus
1259 4215 1455 4284 excellentia
1483 4237 1553 4282 suae
1583 4215 1755 4304 dignitatis
1775 4239 1881 4306 appa-

1112 4337 1162 4398 ret
1184 4351 1191 4394 ε
1210 4329 1295 4394 sicut
1316 4333 1365 4392 est
1386 4347 1458 4392 esse
1474 4325 1755 4412 omnipotentem,
1773 4327 1881 4392 omoi-

1112 4439 1253 4516 bonum,
1290 4437 1545 4502 omniscientem
1573 4453 1580 4500 ε
1608 4437 1686 4524 quia
1708 4437 1883 4524 cognoscit

1113 4547 1227 4614 omnia
1255 4545 1446 4634 praesentia,
1486 4543 1665 4632 praeterita,
1696 4543 1880 4626 etlutura,

1113 4661 1146 4720 θῖ
1178 4651 1293 4720 omnia
1326 4651 1510 4742 singularia
1543 4649 1644 4716 simul
1677 4659 1753 4718 actu
1791 4651 1882 4716 solus

2052 1039 2064 1598 t

1918 1609 1986 1656 Deus
2005 1611 2030 1658 io
2056 1599 2064 1682 Ι

1900 1683 1948 1718 sua
1962 1677 2064 1734 naturaj

1920 1733 2025 1796 quatis?
2057 1683 2065 1806 ῖ

2058 1913 2066 2142 g

2058 2179 2067 2328 t

2060 2467 2067 2514 t

2060 2561 2067 2648 ἰ

2061 2673 2069 2724 t

2061 2949 2071 3036 l

2068 3535 2073 3756 ῖ

2069 3757 2073 3900 t

1895 3989 2052 4064 QuaeUcrea·

288 4103 393 4174 terea,
433 4095 564 4160 nullum
592 4095 818 4182 ΟΟΠῙΡΟΒῙἏΠῃ
853 4101 903 4162 &Si
948 4103 1056 4162 lOtUffl
1112 4109 1329 4186 conveniunt,
1357 4115 1389 4176 θῖ
1409 4107 1493 4174 nulli
1518 4107 1615 4174 alteri
1644 4115 1819 4192 creaturae,
1844 4107 1879 4172 in
1904 4059 2073 4168 editici

1895 4185 1961 4232 tures
1992 4195 2052 4230 con·
2072 4177 2073 4216 t

1909 4245 2040 4296 veniunt?
2072 4253 2073 4256 ’

1113 4753 1316 4852 cognoscit:
1348 4783 1387 4828 ea
1416 4781 1492 4848 quae
1522 4759 1665 4826 subsunt
1687 4757 1793 4824 libero
1827 4779 1883 4824 ar·
1926 4795 1928 4800 ·

1112 4869 1226 4950 bitrio,
1259 4875 1290 4936 et
1323 4869 1546 4958 cogitationes
1574 4863 1755 4932 hominum
1790 4865 1882 4932 solus

1114 4977 1288 5066 cognoscit
1309 4997 1368 5064 per
1393 4975 1554 5064 seipsum.
1578 4969 1674 5052 Item,
1697 4973 1740 5040 ad
1771 4973 1881 5062 ipsum

1113 5085 1224 5152 solnm
1250 5085 1393 5172 pertinet
1420 5081 1546 5172 ubique
1569 5087 1770 5172 praesentem
1796 5101 1879 5160 esse,

1114 5193 1153 5260 do
1169 5189 1275 5256 nihilo
1301 5211 1353 5256 res
1373 5211 1498 5268 creare,
1523 5193 1557 5256 in
1577 5189 1713 5256 instanti
1736 5189 1881 5278 operari,

1112 5281 1148 5368 iu
1190 5301 1386 5390 operatione
1414 5301 1566 5390 quietum
1599 5319 1683 5378 esse,
1714 5295 1882 5362 mirabilia

1112 5411 1232 5488 tacere,
1250 5431 1291 5476 ex
1307 5407 1505 5478 auctoritate
1521 5407 1560 5472 da
1581 5403 1731 5494 qualibet
1746 5411 1881 5472 oreatu-

1112 5543 1149 5586 ra
1167 5519 1274 5584 lacere
1294 5517 1484 5606 quodvult,
1506 5515 1717 5582 voluntatem
1733 5511 1880 5580 hominis

1112 5647 1328 5716 cognoscere,
1350 5625 1385 5690 in
1404 5625 1470 5692 ictu
1492 5621 1580 5688 oculi
1606 5629 1758 5688 mortuos
1774 5619 1881 5688 susci·

1147 5855 1269 5910 llacob.
1286 5871 1306 5920 r,
1325 5859 1366 5910 tr.
