4258 6376
492 441 493 444 ‘
563 433 809 532 eorreuunu
833 461 1129 532 rrrrrroueororu
1154 469 1388 538 inerrans
1414 473 1500 540 ura.
1530 473 1557 540 r.

305 639 400 710 Unde
425 643 517 714 neta,
545 635 634 724 quod
654 637 688 700 in
711 637 944 724 reprobatione
962 639 1026 706 tria

93 705 348 832 iibidriiiisuut.
377 747 488 814 Unum
514 753 563 808 est
589 745 744 832 praerisio
769 747 954 834 iniquitatis
983 749 1023 814 ab

260 869 403 928 aeterno:
424 853 565 918 alterum
590 853 777 934 obduratio,
797 855 830 922 id
855 865 915 932 θεῖ,
943 857 1023 922 sub-

258 969 373 1036 tractio
407 963 522 1052 gratiae
553 961 587 1026 in
615 967 789 1050 prasenti:
808 965 945 1028 tertium
975 973 1024 1030 est

257 1073 455 1166 praeparatio
482 1093 588 1158 poenae
623 1077 753 1136 aeternae
782 1071 816 1136 iu
837 1069 962 1158 futuro.
988 1071 1022 1138 Si

256 1205 334 1270 ergo
356 1179 525 1266 quaeritur,
551 1191 663 1242 utrum
685 1177 876 1266 reprobatio
902 1177 1023 1246 habeat

255 1311 388 1360 causam
410 1311 450 1354 ex
475 1295 567 1374 parte
599 1285 757 1364 bominis,
789 1297 953 1376 quantum
982 1289 1022 1354 ad

254 1399 411 1488 primum,
434 1395 591 1460 meritum
617 1395 763 1460 lteruiuis
793 1419 861 1462 uon
878 1405 925 1462 est
941 1417 1023 1462 cuu—
1049 1447 1050 1450 ,

255 1527 310 1574 sa:
335 1503 444 1592 quoad
467 1503 665 1582 secundum,
688 1513 857 1570 causaest
881 1507 1023 1570 merito-

255 1615 303 1680 ria
317 1621 348 1678 et
364 1611 536 1678 effectiva:
560 1609 671 1700 quoad
689 1611 837 1694 tertium,
856 1635 956 1678 causa
973 1619 1022 1678 est

256 1721 437 1802 meritorio,
461 1717 518 1786 sed
534 1717 784 1786 non'ellectira.

193 1891 201 1936 3
233 1915 241 1922 .
298 1827 456 1894 licentra
479 1827 515 1892 in
539 1825 833 1915 praedestinatione
856 1835 934 1894 sunt
958 1831 1020 1894 tria

92 1897 231 2066 bulliit?
256 1935 420 2002 centraria
434 1955 439 2000 :
455 1933 511 2014 sed
527 1933 561 1998 iu
583 1933 645 1998 hoc
661 1939 711 1998 θεῖ
726 1933 924 2012 differentia,
944 1935 1022 2022 quia

254 2155 333 2220 dum
358 2151 618 2240 heneplacitum,
641 2149 699 2216 sed
727 2149 918 2238 reprobatio
938 2173 1021 2240 pree-

1807 471 1849 538 35

1082 639 1224 708 ficantur
1240 645 1455 730 pergratiam
1480 667 1540 710 nec
1565 651 1642 710 sunt
1665 643 1773 718 electi,
1795 639 1848 706 rel

1081 751 1227 818 ordinati
1248 775 1266 814 a
1300 751 1433 820 licead
1467 753 1613 838 culpam,
1645 751 1702 816 sed
1736 751 1846 816 solum

1080 859 1151 922 sciti
1171 857 1260 946 qnod
1276 881 1344 922 non
1361 871 1437 924 sum
1453 861 1594 950 gratiam
1613 859 1770 930 habituri.
1790 859 1848 922 scd

1080 987 1148 1030 suar
1178 975 1304 1030 naturae
1337 967 1574 1054 relinquendi:
1611 973 1642 1032 et
1667 967 1746 1054 quia
1778 985 1847 1030 narn

1079 1093 1180 1138 ornno
1196 1095 1299 1162 agens
1320 1079 1428 1156 petest
1449 1075 1483 1138 in
1505 1075 1536 1140 id
1562 1073 1650 1162 quorl
1667 1083 1717 1138 cst
1746 1091 1848 1158 supra

1079 1201 1126 1250 εθ,
1143 1187 1263 1246 natura
1275 1179 1338 1244 sibi
1355 1179 1465 1246 relicta
1478 1203 1544 1246 nou
1558 1191 1668 1270 potest
1685 1181 1717 1246 iu
1734 1189 1845 1246 actum

1079 1289 1300 1360 meritoriam,
1320 1289 1377 1376 qui
1394 1297 1443 1354 est
1458 1311 1560 1378 supra
1582 1287 1770 1354 t'acultatem
1789 1309 1845 1352 no-

1078 1399 1182 1462 turoe:
1205 1407 1315 1486 potest
1345 1407 1458 1464 autem
1491 1399 1526 1462 in
1565 1409 1672 1464 aetum
1704 1399 1842 1486 pcccati,
1883 1413 1999 1464 praesciti

1078 1505 1134 1590 qui
1153 1511 1203 1570 θεῖ
1223 1505 1468 1580 demeritorium
1487 1507 1571 1570 sicut
1598 1513 1631 1570 et
1653 1505 1687 1568 in
1717 1505 1843 1592 aliquid
1860 1485 2018 1600 pJ,',⁴},⁴,{'¹'{i„

1076 1609 1163 1676 iulra
1178 1619 1330 1678 naturam
1352 1611 1537 1678 humanam
1559 1615 1716 1694 existens,
1738 1611 1842 1678 homo
1871 1619 2019 1730 qffffi„

1078 1717 1167 1784 enim
1183 1719 1351 1808 peccando
1377 1721 1546 1786 deseendit
1562 1743 1581 1786 θ
1597 1719 1755 1806 dignitate
1772 1743 1841 1786 suae
1907 1705 1968 1784 rari.

1076 1835 1205 1894 naturae
1221 1851 1227 1894 :
1246 1835 1278 1894 et
1297 1831 1342 1894 sic
1366 1837 1469 1916 patet,
1489 1827 1578 1918 quod
1604 1827 1748 1916 praesciti
1769 1849 1843 1916 pos-

1077 1943 1155 2000 sunt
1169 1935 1336 2028 demereri
1351 1935 1495 2014 facilius
1514 1957 1615 2026 quam
1634 1937 1766 2002 mereri.

150 2031 194 2066 Μ’
254 2041 502 2134 ρθθῖῖθεῖίηθῖίθ
531 2047 699 2130 praeparat
732 2041 876 2130 gloriam
905 2065 1021 2110 secun·
1097 2081 1098 2084 =

251 2271 345 2352 parat
359 2283 495 2350 poenam
516 2257 702 2326 secundum
722 2261 926 2350 exigentiam
952 2283 1020 2326 me·
1077 2325 1078 2328 ,

252 2371 408 2440 ritorum.

89 2533 224 2582 oauarauo
296 2479 345 2544 De
376 2479 599 2546 obduratione
634 2477 807 2544 sciendum
837 2485 897 2554 est,
930 2477 1020 2566 quod

104 2595 228 2668 qtaarnoao
252 2587 447 2654 translative
464 2587 585 2680 dicitur
608 2587 793 2678 secundum
825 2585 1021 2654 similitudi-

109 2659 216 2708 mem?
253 2719 329 2764 nem
355 2695 587 2764 obdurationis
618 2697 653 2762 iu
677 2695 888 2784 corporibus.
919 2695 1020 2762 Duri·

252 2809 331 2872 tiam
360 2813 472 2874 autem
502 2827 683 2894 corporum
717 2805 870 2894 sequitur
898 2805 1020 2894 triplex

251 2913 463 3002 proprietas:
495 2913 644 3002 primum
678 2921 727 2978 θεῖ
755 2909 949 2978 inhabilitas
979 2911 1020 2978 ad

252 3021 501 3108 suscipiendum
527 3021 810 3110 impressionem:
834 3019 1019 3088 secuudum

254 3137 301 3196 est
329 3131 491 3198 stabilitas
525 3131 567 3196 ad
597 3129 862 3218 permanendum
896 3129 930 3196 in
959 3151 1016 3196 se:

253 3239 387 3304 tertium
417 3247 466 3306 θεῖ
506 3239 667 3304 tortitudo
703 3239 743 3304 ad
781 3237 1014 3304 resistendum.

91 3409 233 3464 omnm
254 3343 313 3412 llis
330 3349 437 3414 modis
463 3349 585 3416 dicitur
610 3371 667 3412 cor
697 3347 853 3414 obdurari
878 3347 1020 3436 triplici-

91 3487 133 3548 θεῖ
152 3453 405 3526 '1.a..0,.ter.'Uno
424 3457 536 3534 modo,
557 3477 613 3544 per
629 3455 873 3522 inhabilitatem
890 3455 929 3520 ad
950 3477 1020 3520 sus·

89 3541 240 3652 ‘⁰2'fiess'fll'
255 3561 441 3648 cipiendaru
464 3565 619 3652 gratiam.
645 3561 798 3628 Secundo
826 3561 939 3634 morlo,
961 3583 1020 3650 per

254 3667 422 3736 intirmam
438 3671 665 3736 adhaesionem
683 3667 723 3734 ad
740 3679 926 3756 peccatum.
944 3669 1021 3734 Ter-

252 3777 297 3844 tio
332 3781 446 3856 modo,
482 3803 541 3868 per
575 3777 792 3846 rebelieuem
827 3779 1017 3846 divinarum

252 3883 524 3974 inspirationum,
545 3895 578 3954 θῖ
594 3889 834 3954 mandatorum
850 3889 922 3954 llei.

88 4049 224 4112 Pte-*attia
296 3989 391 4064 Unde
408 3997 626 4086 quaereudum
648 4005 708 4078 est,
736 4009 850 4064 utrum
875 3997 1018 4086 praesciti
1058 4065 1059 4070 ,

112 4115 208 4192 treolae
251 4123 270 4168 a
289 4103 360 4170 Dee
377 4109 506 4196 possint
523 4105 698 4186 demereri,
717 4113 749 4172 et
765 4129 781 4174 e
803 4107 996 4174 cuattrario?

86 4185 236 4298 peergprgpp
295 4211 346 4278 hd
362 4213 452 4302 qued
468 4213 658 4296 dicendum,
683 4213 773 4302 qnod
797 4215 935 4280 scientia
955 4213 1017 4280 Dei

101 4309 216 4360 ⁹⁰⁸⁵¹flll
251 4329 464 4408 comparatur
493 4321 535 4388 ad
563 4327 774 4400 reserentes,
803 4323 956 4390 sicutars
976 4321 1017 4388 ad

251 4425 389 4496 artilicia
409 4453 415 4496 :
439 4429 528 4496 uude
553 4431 638 4496 sicut
667 4453 719 4496 ars
746 4453 814 4516 non
838 4429 948 4494 solum
969 4437 1018 4494 est

250 4537 489 4620 cognescitiva,
527 4537 584 4602 sed
613 4535 713 4602 etiam
746 4535 1014 4614 factivaeorum,

251 4657 324 4726 quae
340 4645 524 4712 seeundum
548 4653 652 4712 artem
677 4645 780 4712 fiunt:
799 4667 916 4712 eorum
935 4669 1015 4712 vero

251 4747 371 4832 quibus
393 4753 432 4818 ab
455 4755 534 4820 artis
551 4753 676 4844 regulis
699 4753 864 4828 deviatur,
887 4761 936 4820 est
961 4775 1016 4820 oe·

248 4863 435 4942 guesoitiva
451 4871 603 4930 tantum:
626 4865 672 4930 ita
689 4875 720 4930 et
734 4865 871 4930 scientia
887 4865 945 4930 Dei
968 4870 1017 4930 θεῖ

248 4973 478 5052 romaniaca
508 4981 540 5038 et
574 4971 693 5038 factiva
722 4971 875 5036 omnium
908 4969 1015 5036 bono·

247 5091 340 5140 rum:
362 5083 528 5146 millenum
545 5089 671 5154 ertatem,
689 5081 758 5146 sire
787 5089 1013 5170 pecuariorum,

247 5197 319 5266 qtae
337 5197 411 5254 =n1t
432 5167 642 5254 attestationes
659 5189 811 5278 quadam
828 5189 870 5254 ab
890 5197 1015 5254 aterna

246 5287 317 5378 lupe
335 5297 450 5384 ipsine,
479 5301 616 5368 scieritis
637 5301 697 5366 Dei
720 5309 769 5366 est
784 5299 1015 5386 cognoscitira

245 5405 388 5482 tautam,
419 5433 488 5476 non
521 5419 633 5476 autem
665 5411 862 5476 causativa:
899 5417 931 5474 et
968 5409 1015 5472 sic

246 5515 347 5592 pidet,
365 5521 456 5604 qued
476 5519 567 5596 boni,
596 5519 655 5606 qui
674 5541 732 5606 per
751 5517 895 5606 gratiam
917 5517 1014 5604 justi-

245 5611 399 5702 ficantur,
424 5649 493 5692 nou
509 5625 620 5692 solum
650 5625 782 5692 suntab
816 5633 942 5692 aeterno
959 5647 1013 5690 ce-

246 5717 364 5808 dssllic
394 5735 478 5820 Dee,
499 5735 558 5804 sed
593 5735 751 5802 etiamad
783 5737 927 5826 gratiam
956 5733 1014 5800 ha-

245 5823 403 5908 bendam.
419 5841 618 5910 Peccatores
638 5849 752 5910 autem
773 5865 882 5932 neque
893 5839 1014 5930 justifi-

1305 2383 1449 2450 CAPUT
1473 2381 1611 2449 XXXII.

1288 2599 1337 2662 De
1353 2597 1528 2662 uoluntate
1543 2597 1620 2664 Dei.

1118 2913 1284 2980 Voluntas
1310 2913 1372 2980 Dei
1398 2913 1521 3000 duplex
1546 2921 1608 2990 est,
1631 2913 1758 2980 seilicet
1781 2935 1839 2980 vo·
1872 2975 1998 3028 vatianus

1073 3019 1185 3088 luntas
1218 3021 1318 3112 signi,
1357 3029 1389 3088 et
1424 3019 1637 3110 beneplaciti.
1675 3021 1953 3102 Voluntasauprea
1986 3037 2015 3088 ia

1073 3129 1273 3218 beneplaciti
1301 3137 1350 3196 est
1385 3129 1520 3218 duplex,
1555 3127 1589 3194 iul
1622 3137 1684 3204 est,
1711 3136 1840 3196 antece·
1901 3105 1965 3154 ⁹⁶⁰·

1073 3235 1173 3304 dens:
1197 3237 1237 3304 dc
1257 3235 1319 3304 hac
1333 3235 1409 3304 virle
1430 3259 1543 3324 supra,
1566 3257 1639 3324 cap.
1658 3239 1836 3324 proriime:

1074 3367 1148 3430 quae
1165 3367 1254 3434 saepe
1279 3367 1347 3410 uon
1371 3343 1542 3432 expletur:
1571 3355 1602 3410 et
1631 3365 1841 3434 consequens

1074 3461 1107 3520 et
1138 3455 1206 3522 haee
1236 3477 1421 3542 nuncquam
1462 3461 1611 3520 remanet
1655 3455 1838 3542 inexpleta.

1073 3562 1149 3630 Alia
1165 3563 1384 3630 estroluutas
1406 3563 1503 3652 sigui,
1529 3571 1560 3628 et
1583 3561 1655 3628 haec
1686 3563 1840 3652 quaudo·

1075 3693 1139 3760 que
1156 3679 1305 3738 remanet
1327 3669 1506 3756 inexpleta.

1118 3781 1322 3870 lluj'usmodi
1352 3781 1435 3844 ratio
1477 3787 1537 3858 est,
1574 3781 1652 3868 quia
1682 3779 1839 3846 voluntas
1871 3841 1999 3890 Vatuaua

1071 3891 1134 3958 Det
1151 3899 1260 3980 potest
1280 3891 1366 3958 sumi
1393 3889 1589 3977 dupliciter:
1612 3889 1662 3956 rel
1690 3889 1836 3976 proprie,
1868 3873 2001 3976 ttet'apioa¹

1072 4003 1119 4066 sic
1158 4001 1319 4090 accipitur
1354 3999 1512 4066 voluntas
1544 3969 2013 4094 batneptaain:vatfflssflffllffl

1072 4109 1314 4198 metaphorice,
1350 4115 1380 4174 et
1409 4109 1456 4174 sic
1495 4107 1654 4196 accipitur
1682 4105 1839 4174 voluntas

1071 4219 1173 4310 signi.
1193 4219 1309 4286 Primo
1331 4219 1431 4300 modo
1454 4219 1575 4284 dieitur
1595 4219 1683 4282 Deus
1713 4215 1842 4306 aliquid

1069 4327 1169 4406 velle,
1188 4335 1220 4396 et
1236 4327 1298 4394 hoc
1313 4327 1398 4394 velle
1414 4327 1484 4414 ipse
1499 4327 1591 4392 Dens
1607 4331 1668 4414 est.
1684 4321 1839 4390 Secunde

1070 4433 1173 4502 modu
1189 4433 1417 4522 metaphorice
1435 4441 1484 4498 est
1508 4431 1550 4498 ad
1565 4431 1706 4498 medum
1721 4429 1841 4496 rolen-

1069 4545 1111 4610 tis
1127 4543 1311 4620 scitabere,
1337 4549 1368 4608 et
1383 4539 1447 4608 hoe
1463 4539 1548 4612 uelle
1569 4563 1638 4606 nou
1663 4543 1713 4606 est
1734 4537 1837 4604 Deus.

1069 4649 1149 4718 Herc
1165 4651 1266 4736 igitur
1282 4649 1402 4716 divisio
1420 4671 1489 4714 uon
1506 4647 1565 4726 rei,
1584 4645 1642 4714 sed
1664 4647 1760 4714 rucis
1775 4655 1837 4724 est,

1070 4759 1155 4824 sicut
1184 4761 1232 4824 ira
1260 4765 1371 4846 potest
1403 4757 1481 4834 dici,
1499 4755 1553 4822 rel
1574 4757 1839 4846 proprietamus

1069 4867 1137 4940 irco,
1157 4866 1210 4934 vel
1228 4865 1455 4954 metaphorice
1473 4865 1606 4954 signum
1625 4867 1691 4928 irae.
1710 4861 1839 4928 Volun-

1068 4985 1119 5040 tas
1137 4975 1331 5062 beneplaciti
1355 4973 1411 5038 llei
1435 4993 1645 5058 consequeus
1666 4977 1714 5032 cst
1736 4977 1836 5042 recta,

1070 5083 1199 5154 clicuit,
1223 5093 1254 5146 et
1285 5079 1605 5168 irreprelrensibilis:
1635 5077 1723 5142 unic
1760 5081 1838 5164 quin
1895 5109 1896 5112 ¹

1068 5199 1116 5256 est
1144 5203 1242 5256 reeta.
1267 5189 1377 5254 nullus
1398 5195 1448 5254 est.
1470 5199 1588 5254 iaetus.
1616 5185 1679 5248 nisi
1707 5183 1836 5248 conl'or·

1068 5307 1178 5364 matur
1194 5299 1234 5364 ci.
1255 5299 1349 5372 ltere,
1386 5297 1464 5384 quia
1498 5303 1545 5358 est
1567 5293 1686 5358 ef'lieax
1709 5315 1715 5356 :
1740 5291 1836 5356 'nihil

1067 5409 1139 5474 sine
1156 5407 1212 5474 illa
1238 5413 1348 5496 petest
1369 5407 1467 5482 ellici,
1489 5401 1573 5466 nibil
1602 5409 1718 5468 contra
1743 5401 1835 5466 illam

1067 5521 1178 5604 potest
1193 5515 1284 5582 fieri:
1307 5535 1366 5602 per
1382 5509 1512 5576 nullum
1538 5517 1650 5598 petest
1665 5509 1832 5598 impediri.
1863 5593 1864 5598 J

1068 5621 1163 5698 Item,
1201 5623 1278 5712 quia
1319 5617 1622 5708 irreprehensibilis
1651 5623 1712 5694 est,
1751 5615 1836 5682 nihil

1066 5733 1219 5822 praecipit
1235 5737 1292 5798 aut
1311 5729 1476 5818 permittit
1491 5727 1555 5794 nisi
1571 5725 1680 5814 juste:
1700 5723 1746 5792 nil
1769 5723 1836 5814 agit

1069 5845 1127 5906 aut
1147 5836 1303 5914 consulit,
1325 5835 1391 5904 nisi
1405 5835 1503 5904 hene.
