4250 6376
326 489 367 556 70
512 559 513 564 ἵ
822 473 864 542 D.
889 471 987 538 ALB.
1015 469 1121 538 MAG.
1150 469 1252 538 ORD.
1278 471 1425 544 PRAED.

324 659 400 726 liter
416 659 457 726 ad
473 655 659 748 intelligere
674 675 709 720 se
737 649 903 718 convertit
930 653 963 712 et
982 645 1023 714 ad
1043 645 1092 710 in-

325 765 512 856 telligibile.

368 859 663 942 Differentia'vero
686 867 873 934 intellectus
899 865 935 928 in
956 861 1089 940 ellectu,

325 993 357 1052 et
374 983 514 1072 ejusqui
539 981 660 1048 dicitur
685 979 837 1068 adeptus,
865 973 1008 1042 sumitur
1034 993 1104 1058 see

323 1093 471 1162 cundum
491 1093 653 1180 majorem
679 1095 710 1156 et
731 1087 897 1152 minorem
917 1083 1090 1172 perlectio-

324 1227 402 1272 nem
434 1203 541 1294 ipsius
575 1197 763 1264 intellectus
791 1193 971 1282 possibilis.
1004 1189 1089 1258 Nom

322 1337 398 1382 cum
419 1311 607 1380 intellectus
626 1303 797 1396 possibilis
822 1303 939 1390 recipit
964 1301 1090 1390 species

321 1443 396 1488 cnm
412 1419 540 1486 lumine
555 1415 742 1482 intellectus
758 1411 898 1502 agentis,
917 1415 996 1474 tunc
1012 1407 1091 1474 dici-

320 1537 375 1594 tur
394 1527 584 1594 intellectus
605 1525 639 1590 in
656 1523 787 1612 effectu,
806 1525 837 1586 et
857 1519 959 1584 etiam
983 1519 1018 1582 in
1031 1513 1091 1582 ha=

321 1636 404 1703 bitu.
422 1633 615 1702 Intellectus
629 1651 709 1698 vero
726 1649 802 1694 cum
818 1625 934 1714 recipit
944 1623 1088 1714 perfecte

320 1747 437 1814 lumen
470 1741 655 1810 secundum
674 1737 851 1808 formalem
881 1735 1089 1822 conjunctio·

242 1925 243 1928 ,
321 1879 411 1936 nem,
429 1861 513 1920 tunc
527 1855 668 1918 vocatur
679 1845 868 1914 iactatiactat
885 1843 1038 1934 adaptate.

363 1963 550 2054 Diligenter
564 1965 676 2026 autem
700 1955 887 2024 notandum
910 1961 969 2030 est,
995 1951 1086 2042 qnod

319 2093 438 2138 omnes
454 2067 649 2136 differentiae
664 2063 895 2130 intellectuum
908 2061 979 2148 jam
995 2081 1086 2148 prm-

302 2179 413 2246 ,dictae
442 2183 622 2244 sumuntur
654 2173 709 2242 vel
738 2171 921 2238 secundum
957 2175 1082 2246 actum,

316 2287 368 2354 vel
392 2285 577 2354 secundum
606 2281 772 2360 habitum,
806 2279 861 2348 vel
898 2273 1083 2344 secundum

317 2395 456 2464 modum
495 2391 727 2482 intelligendi:
755 2395 787 2458 et
820 2387 912 2454 nulla
939 2387 1083 2454 sumitur

315 2501 501 2570 secundum
536 2499 736 2590 divisionem
770 2495 927 2586 potentiae
965 2491 1082 2582 cogni·

312 2611 402 2692 tivae,
445 2611 510 2678 nisi
551 2609 660 2700 prima
706 2613 849 2682 tantum,
895 2599 1080 2670 secundum

314 2741 416 2808 quam
444 2717 603 2786 dividitur
631 2717 666 2782 in
695 2721 849 2804 agentem
870 2719 902 2778 et
935 2707 1081 2800 possibi-

311 2825 390 2896 lem.

552 3357 696 3426 CAPUT
725 3355 828 3424 XLV.

482 3583 533 3648 De
548 3579 646 3648 modo
662 3577 893 3670 cognoscendi.

347 3895 530 3972 Resaliter
554 3895 727 3984 cognoscit
757 3895 860 3980 Deus,
882 3895 978 3962 aliter
996 3895 1071 3962 An-

303 4005 410 4096 gelus,
428 4003 525 4072 aliter
545 4001 660 4070 homo.
692 4003 768 4094 lpse
796 4027 931 4092 queque
965 4003 1069 4072 homo

302 4115 399 4182 aliter
414 4137 472 4206 per
486 4113 693 4180 intellectum
708 4113 819 4180 Deum
833 4115 1017 4204 cognoscit,
1037 4122 1071 4182 et

271 4269 272 4272 =
302 4225 398 4294 aliter
413 4229 592 4292 creaturae.
611 4221 802 4290 Intellectus
819 4223 907 4288 enim
934 4223 1068 4290 divinus

302 4333 476 4422 cognoscit
491 4353 541 4398 res
558 4355 597 4398 ex
610 4333 733 4422 seipso,
747 4329 935 4402 intellectus
955 4341 1067 4400 autem

299 4441 422 4532 Angeli
455 4441 628 4530 cognoscit
661 4463 711 4534 res
745 4465 804 4532 per
841 4443 969 4532 species
1003 4443 1066 4512 sibi

299 4557 505 4626 concreatae,
539 4573 611 4638 quae
645 4557 723 4616 sunt
752 4545 987 4618 similitudines
1017 4573 1066 4618 re-

299 4683 384 4726 rum.
405 4657 472 4726 Sed
491 4657 678 4724 intellectus
698 4657 867 4726 humanus
892 4663 1065 4750 cognoscit

298 4791 350 4834 res
365 4789 423 4856 per
439 4765 569 4856 species
590 4765 771 4834 abstractas
791 4789 811 4834 a
838 4767 938 4834 rebus
958 4771 1064 4858 parti-

297 4873 465 4942 cularibus
477 4895 537 4962 per
551 4895 687 4938 sensum
702 4875 795 4962 prius
807 4875 962 4966 cognitis.

341 4981 438 5050 Unde
463 4981 648 5062 sciendum,
694 4983 783 5074 quod
826 4985 911 5052 sicut
945 5009 1061 5054 sensns

296 5091 469 5182 cognoscit
489 5113 541 5158 res
562 5099 724 5180 praesente
754 5091 894 5180 objecto,
915 5103 948 5160 et
977 5097 1062 5170 sicut

295 5199 494 5290 imaginatio
512 5201 686 5288 cognoscit
702 5199 837 5266 absente
864 5203 1007 5290 objecto,
1030 5205 1062 5270 θῖ

296 5317 497 5374 tamencum
514 5307 718 5396 appendiciis
736 5309 884 5376 materiae
903 5329 911 5376 :
943 5311 988 5378 ita
1012 5313 1062 5378 in-

297 5411 449 5482 tellectus
464 5415 636 5504 cognoscit
656 5417 727 5482 sine
752 5417 957 5508 appendiciis
988 5443 1062 5488 ma·-

123 5549 219 5604 Antmc
241 5561 283 5598 00·
298 5527 388 5592 teriac
418 5523 479 5590 sub
496 5525 680 5590 intentione
706 5527 899 5594 universali.
935 5527 1059 5598 Anima

155 5611 258 5678 gnoscit
300 5635 305 5648 ·

122 5677 274 5740 aliqualiter

153 5741 252 5794 omnic.
298 5739 431 5830 gnoscit
467 5739 592 5822 onrnia,
629 5745 660 5806 et
693 5741 838 5832 attingit.
880 5743 1062 5836 Cognoscit

298 5635 401 5724 igitur
433 5653 493 5720 per
521 5629 726 5698 intellectum
770 5634 958 5724 aliqualiter
1001 5663 1062 5706 co-

297 5847 512 5938 enim-Deum
528 5869 629 5938 supra
644 5869 690 5928 se,
721 5857 754 5916 et
782 5853 927 5944 seipsam
947 5857 981 5920 in
1011 5881 1057 5936 se,

1145 649 1176 710 et
1197 641 1349 736 Angelos
1377 649 1474 736 juxta
1508 673 1556 730 se,
1587 659 1619 718 et
1648 653 1810 744 quidquid
1841 655 1917 722 coeli

1145 753 1279 820 ambitu
1306 759 1509 844 continetur,
1540 761 1626 828 inira
1643 787 1690 830 se.

1191 859 1275 938 Quis
1309 865 1351 930 sit
1380 873 1491 934 autem
1525 869 1648 938 modus
1688 871 1914 960 cognoscendi
1928 889 2062 956 Morosa<

1143 967 1265 1052 Deum,
1301 979 1381 1038 nota
1405 973 1496 1062 quod
1528 977 1716 1046 intellectus
1743 967 2063 1088 humanusffiegg}

1144 1101 1213 1146 non
1237 1081 1409 1170 cognoscit
1426 1083 1534 1152 Deum
1550 1111 1609 1176 per
1637 1087 1908 1174 abstractionem,
1981 1083 2033 1134 ⁵³²?

1145 1189 1227 1252 sicut
1250 1187 1330 1254 alias
1346 1213 1418 1258 res:
1437 1199 1469 1258 et
1496 1193 1560 1260 boc
1580 1195 1668 1278 idac,
1688 1197 1767 1286 quia
1791 1195 1913 1264 simili-

1143 1291 1224 1358 tudo
1242 1291 1407 1362 abstracta
1429 1299 1614 1390 simplicior
1645 1313 1694 1370 est
1722 1303 1815 1372 illoa
1844 1327 1911 1394 quo

1144 1399 1180 1468 fit
1196 1399 1374 1470 abstractio
1393 1427 1399 1470 :
1421 1405 1489 1474 Deo
1520 1417 1633 1478 autem
1663 1411 1747 1478 nihil
1779 1411 1912 1502 simpli-

1143 1511 1213 1576 cius
1230 1519 1290 1576 θεῖ.
1308 1511 1386 1580 Alia
1413 1517 1498 1582 ratio
1520 1525 1580 1598 est,
1604 1519 1683 1608 quia
1716 1521 1750 1586 in
1781 1519 1912 1588 abstra-

1143 1621 1251 1686 ctione
1277 1629 1410 1710 oportet
1439 1649 1510 1694 esse
1529 1629 1720 1698 universale
1754 1637 1787 1696 et
1805 1631 1911 1720 parti·

1142 1727 1264 1794 calare.
1300 1729 1506 1798 Particulare
1547 1729 1683 1826 quidem
1721 1761 1835 1828 aquo
1873 1739 1911 1806 fit

1141 1837 1319 1904 abstractio
1338 1857 1344 1906 :
1361 1843 1549 1912 universale
1570 1855 1695 1928 autem,
1708 1849 1844 1916 ,scilicet
1862 1849 1912 1936 ip·

1140 1965 1215 2010 sum
1235 1943 1462 2016 abstractum:
1487 1951 1544 2020 sed
1559 1953 1644 2022 nihil
1669 1953 1792 2024 borum
1822 1955 1909 2026 cadit

1139 2049 1173 2116 in
1194 2053 1314 2122 licum.
1341 2053 1566 2146 Cognoscitur
1580 2063 1684 2152 igitur
1707 2063 1798 2130 Deus
1817 2073 1910 2130 natu·

1139 2159 1199 2224 rali
1214 2163 1419 2250 cognitione,
1443 2167 1523 2256 quia
1534 2169 1722 2238 intellectus
1737 2173 1909 2262 possibilis

1137 2267 1184 2332 ita
1202 2267 1366 2338 formatus
1395 2271 1522 2342 lucrina
1548 2277 1737 2346 intellectus
1763 2281 1905 2372 agentiS,

1137 2375 1492 2464 quodestsimilitudo
1509 2385 1626 2472 primae
1654 2387 1750 2472 lucis,
1777 2389 1812 2454 in
1844 2387 1906 2458 hac
2007 2449 2008 2454 ,

1136 2485 1355 2554 similitudine
1384 2493 1557 2580 cognoscit
1591 2493 1705 2564 lumen
1732 2497 1824 2586 quod
1857 2507 1907 2566 est

1134 2593 1236 2662 Deus.

1181 2701 1363 2796 Sciendum
1380 2717 1548 2796 praeterea,
1577 2713 1669 2802 quod
1687 2737 1747 2804 per
1767 2737 1903 2804 sensum

1134 2811 1371 2900 cognoscimus
1403 2815 1631 2904 particularia,
1671 2821 1822 2912 sed-per
1852 2825 1902 2890 in-

1131 2915 1302 2986 tellectum
1317 2921 1547 2990 universalia:
1566 2933 1598 2992 et
1618 2929 1752 3016 quando
1782 2953 1818 2998 se
1847 2931 1902 2998 in·-

1132 3026 1282 3094 tellectns
1331 3035 1497 3100 convertit
1548 3035 1589 3102 ad
1630 3041 1830 3128 particulare
1864 3051 1900 3110 ut

1130 3137 1240 3226 ipsum
1262 3139 1587 3228 apprehendat‚tunc
1613 3147 1798 3218 similitudo
1820 3151 1898 3220 abs-

1130 3253 1233 3314 tracta
1266 3271 1286 3316 a
1313 3251 1506 3338 particulari
1536 3253 1598 3322 erit
1634 3257 1848 3340 universalis,
1867 3269 1899 3330 et

1129 3379 1197 3424 non
1230 3359 1452 3448 particularia.
1752 3435 1757 3448 ,

1172 3463 1269 3548 Item,
1301 3467 1393 3536 Nihil
1423 3473 1513 3538 venit
1541 3473 1577 3540 in
1606 3475 1811 3546 intellectum
1832 3481 1898 3550 nisi

1126 3595 1188 3664 per
1225 3597 1377 3660 sensum,
1400 3585 1431 3646 et
1466 3579 1532 3648 hoc
1561 3583 1598 3648 fit
1619 3575 1751 3652 duobus
1771 3587 1894 3668 modis,

1126 3679 1251 3750 scilicet
1269 3683 1323 3750 vel
1345 3685 1551 3776 simpliciter,
1574 3691 1628 3758 vel
1646 3715 1705 3781 per
1729 3697 1894 3766 accidens.

1127 3787 1330 3878 Simpliciter
1351 3793 1500 3882 quidem,
1523 3805 1560 3862 ut
1580 3799 1714 3886 quando
1739 3803 1896 3894 intelligi-

1124 3919 1200 3962 mus
1221 3899 1396 3986 sensibilia
1406 3901 1498 3988 prius
1518 3925 1578 3992 per
1610 3929 1748 3974 sonsum
1778 3911 1897 4000 appre-

1123 4005 1242 4074 hensa.
1260 4009 1326 4076 Per
1352 4011 1506 4078 accidens
1532 4021 1656 4100 autem,
1679 4019 1814 4108 quando
1838 4023 1894 4090 in-

1121 4117 1306 4208 telligimus
1326 4121 1535 4190 insensibilia
1555 4147 1614 4214 per
1634 4125 1802 4196 ellectum.

1166 4229 1361 4298 Notandum
1379 4237 1429 4296 est
1464 4231 1577 4316 etiam,
1614 4237 1706 4324 quod
1733 4237 1824 4306 aliud
1844 4249 1893 4310 est

1121 4359 1191 4404 rem
1211 4361 1271 4428 per
1303 4339 1533 4428 cognitionem
1563 4341 1820 4414 inintellectum
1835 4347 1890 4418 v‘e·

1120 4447 1202 4532 nire,
1231 4455 1262 4516 et
1291 4447 1381 4516 aliud
1408 4457 1456 4518 est
1488 4451 1524 4518 in
1550 4473 1586 4520 re
1620 4453 1692 4540 jam
1721 4455 1890 4528 intellecta

1118 4555 1264 4620 versari:
1302 4555 1380 4644 quia
1409 4561 1488 4624 tuuc
1509 4559 1658 4648 cognitio
1684 4583 1797 4630 rerum
1829 4587 1890 4654 per

1118 4683 1254 4728 sensum
1274 4663 1367 4730 vernt
1399 4663 1434 4730 in
1463 4665 1683 4746 intellectum,
1720 4671 1806 4738 sicut
1834 4671 1887 4738 di·

1117 4777 1208 4838 ctum
1225 4779 1285 4850 est,
1307 4771 1366 4838 sed
1380 4795 1457 4838 cum
1469 4773 1658 4842 intellectus
1675 4799 1725 4844 res
1733 4779 1809 4866 jam
1824 4803 1887 4870 ap-

1115 4877 1305 4966 prehendit,
1328 4885 1407 4946 tunc
1424 4879 1619 4964 delectatur,
1643 4891 1674 4950 et
1694 4887 1887 4976 negotiatur
2043 4891 2047 4978 ξ

1114 4985 1149 5050 in
1166 4985 1232 5062 illa,
1255 4983 1359 5054 etiam
1374 4987 1446 5056 sine
1466 5011 1582 5056 sensus
1598 4989 1815 5062 adminiculo.
2042 4979 2046 5074 l

2042 5085 2045 5096 t

1157 5093 1210 5158 Ad
1225 5095 1495 5184 cognoscendum
1520 5103 1634 5164 autem
1649 5101 1713 5168 ista
1736 5101 1881 5192 plenius,
1908 5097 2046 5208 rarttrctq(

1113 5209 1193 5268 nota
1206 5211 1387 5294 utrumque
1403 5227 1521 5272 verum
1532 5227 1615 5284 esse,
1637 5209 1773 5290 scilicet,
1792 5215 1882 5302 quod
1899 5181 2045 5308 iiiiiififl

1113 5335 1173 5402 per
1183 5311 1394 5400 particularia
1405 5321 1881 5406 cognoscunturuniversalia,
1898 5297 2043 5404 quomado}

1115 5429 1146 5488 et
1166 5443 1182 5488 e
1203 5431 1320 5488 contra
1348 5445 1407 5512 per
1434 5425 1637 5492 universalia
1670 5449 1881 5518 cognoscun-
2039 5407 2043 5526 i

1113 5539 1167 5598 tur
1203 5531 1428 5620 particularia.
1458 5531 1552 5598 Istud
1580 5533 1628 5602 sic
1657 5541 1771 5624 patet:
1804 5541 1882 5630 quia
2038 5533 2042 5608 i

1115 5641 1236 5728 duplex
1266 5647 1315 5706 est
1344 5641 1534 5708 universale
1566 5663 1572 5710 :
1607 5665 1714 5714 unum
1743 5647 1878 5734 scilicet,
1898 5611 2041 5766 U'ffifssffil

1113 5753 1214 5836 prout
1228 5755 1277 5812 est
1292 5747 1509 5830 abstractum,
1535 5755 1568 5814 et
1583 5749 1685 5834 aliud,
1704 5753 1881 5824 confusum
2036 5753 2040 5860 ξ

1113 5855 1281 5938 videlicet,
1311 5855 1496 5924 secundum
1522 5859 1613 5948 quod
1640 5867 1689 5928 est
1721 5863 1757 5930 in
1779 5865 1882 5954 parti·
