4266 6384
320 471 358 538 ld

214 693 215 696 ,
316 641 363 708 ihi
396 643 522 732 aliquid
551 653 700 734 respectu
740 645 834 732 cujus
861 645 934 712 haec
968 645 1080 728 dictio,

310 773 384 840 per,
404 753 489 834 dicat
517 755 731 846 principium.
750 755 809 822 Est
837 757 926 822 enim
952 755 1080 846 regula,

231 881 232 884 ¹
317 859 406 948 quod
422 859 492 926 hee
508 861 619 936 dictio,
637 885 709 952 per,
732 885 865 952 semper
884 863 963 930 dicit
978 865 1083 930 ratio-

315 991 392 1034 nem
414 969 567 1058 principii
585 981 735 1062 respectu
756 971 897 1060 alicujus
916 975 1017 1062 positi
1047 973 1081 1038 iu

315 1077 496 1158 locutione,
529 1077 613 1144 sicut
647 1079 780 1168 quaudo
802 1077 952 1146 dieitur:
981 1079 1081 1148 Pater

316 1191 472 1274 operatur
488 1193 654 1254 creaturas
674 1211 733 1276 per
751 1185 874 1254 Filium
894 1209 900 1254 :
923 1187 966 1254 ihi
990 1189 1079 1254 enim

314 1301 449 1362 notatur
478 1297 561 1362 ratio
590 1299 743 1386 principii
773 1297 806 1362 in
822 1297 907 1364 Filio
928 1307 1079 1388 respectu

314 1403 435 1492 operis.
459 1401 621 1470 Similiter
644 1405 714 1470 haee
743 1405 946 1486 conceditur,
976 1407 1079 1476 Filius

314 1517 471 1600 operatur
484 1533 543 1598 per
561 1519 691 1600 patrem
710 1535 716 1580 ε
735 1535 813 1580 nam
830 1515 875 1580 ihi
892 1517 975 1582 ratio
990 1517 1091 1606 prin·-

312 1621 390 1710 oipii
405 1623 438 1686 in
454 1619 552 1688 Patre
572 1629 674 1700 estet
692 1621 754 1690 huc
770 1623 892 1712 duplici
914 1631 1085 1714 respectu,

312 1726 435 1795 scilieet
469 1735 620 1816 respectu
653 1727 740 1814 Filii,
761 1735 793 1794 et
821 1737 974 1824 respectu
995 1753 1078 1822 ope·-

311 1859 366 1902 HS.
396 1875 397 1878 ¹

159 2915 273 2980 Spirilus

156 2985 266 3030 sauctus

24 3031 26 3048 '
102 3081 104 3084 .
155 3045 279 3096 charitas.

131 3423 212 3474 Amor
239 3421 296 3470 sira

575 2261 720 2332 CAPUT
744 2265 804 2334 lX.

311 2473 462 2562 Spiritus
504 2483 639 2542 serretur
677 2481 837 2560 charitas,
878 2493 909 2550 et
951 2485 1077 2554 douram

552 2595 746 2652 serratorum
768 2597 826 2654 est.

356 2913 439 2982 Cum
477 2917 667 2986 inveniatur
702 2943 788 3012 saepe
821 2925 856 2990 in
883 2925 1076 3018 Scripturis,

314 3023 404 3110 quod
422 3023 564 3114 Spiritus
580 3029 873 3116 saueiusseharitas
896 3041 928 3100 et
952 3035 1079 3102 donum

313 3131 444 3218 dieitur,
472 3134 648 3222 diligenter
677 3141 861 3208 notandum
890 3153 950 3222 est,
971 3145 1079 3234 quali-

311 3247 363 3306 ter
387 3241 452 3308 hoo
474 3243 593 3312 deheat
623 3247 775 3338 intelligi,
798 3257 830 3316 et
845 3259 957 3318 utrum
976 3253 1080 3344 Spiri-

312 3357 366 3416 tus
395 3359 528 3418 sauctus
553 3355 853 3448 strenuitasque
882 3375 951 3428 nos*
968 3362 1079 3430 Deum

154 3483 270 3532 chartres
312 3465 344 3524 et
359 3461 551 3546 proximum
568 3461 760 3552 diligamus⁴
782 3465 874 3534 Unde
891 3471 1078 3538 notandum

155 3545 270 3608 qualiter

148 3609 279 3660 sumitur?

311 3573 372 3648 est,
391 3567 480 3654 quod
495 3591 602 3652 aruer,
621 3573 691 3638 sive
708 3573 849 3642 charitas
871 3577 977 3644 trihus
1002 3603 1081 3648 mo-

311 3673 362 3740 dis
383 3677 537 3742 sumitur.
563 3677 636 3744 Uno
661 3683 762 3750 modo
794 3677 955 3768 effective,
975 3695 1005 3754 et
1032 3691 1078 3754 sie

311 3783 437 3874 absque
461 3785 561 3852 dubio
585 3811 703 3854 rerum
729 3799 789 3874 est,
809 3795 900 3880 quod
931 3793 1077 3884 Spiritus

311 3903 444 3960 sanctus
469 3903 519 3960 est
538 3919 643 3980 amor,
668 3921 735 3990 quc
756 3899 927 3990 diligimus
953 3903 1074 3988 Deum,

311 4005 389 4094 quia
424 4005 568 4094 Spiritus
594 4018 727 4076 sauctus
748 4021 905 4098 operatur
924 4015 959 4080 in
981 4015 1076 4082 nohis

310 4113 460 4180 habitum
481 4119 512 4180 et
528 4123 658 4182 urorum
675 4117 856 4188 charitatis
874 4119 952 4190 Alto
973 4125 1075 4190 modo

306 4221 453 4288 sumitur
472 4223 729 4312 exemplariter:
749 4227 795 4294 sic
815 4229 914 4296 etiam
932 4229 1075 4320 Spiritus

211 4365 219 4416 3
263 4397 268 4406 ,
309 4337 441 4398 sanutus
458 4339 507 4398 est
522 4329 677 4412 chari-tas,
697 4359 762 4424 qua
779 4335 949 4428 diligimus
968 4341 1074 4408 Deum

305 4447 340 4506 et
368 4439 758 4530 proximumCharitas
796 4449 885 4514 enim
920 4473 995 4540 quae
1026 4457 1076 4518 θεῖ

308 4545 452 4636 Spiritus
486 4557 632 4630 sanctus,
664 4559 712 4618 est
746 4553 918 4644 euenrplar
950 4565 1074 4624 nostrae

229 4731 230 4734 Ἴ
305 4653 486 4722 charitatis.
503 4655 615 4722 Tertio
641 4659 742 4726 modo
767 4663 912 4730 sumitur
931 4663 1074 4732 charitas

304 4762 489 4830 formaliter
506 4787 567 4854 per
581 4767 720 4834 modum
742 4767 961 4848 inhaerentiae,
981 4781 1012 4840 et
1028 4777 1073 4840 sic

304 4871 447 4938 charitas
464 4871 583 4938 dieitur
597 4875 729 4944 virtutis
745 4877 878 4946 habitus
890 4881 924 4946 in
945 4883 1069 4966 anima,

298 5003 371 5070 -quo
397 4981 568 5070 diligimus
597 4981 707 5050 Deum
732 4977 765 5052 et
792 4989 999 5076 proximum.
1033 4991 1073 5058 Et

303 5089 487 5158 secundum
521 5087 610 5156 hune
641 5091 782 5160 modum
818 5095 964 5184 Spiritus
994 5121 1074 5166 san-

304 5205 375 5264 etus
395 5197 596 5264 condicitur
615 5197 759 5268 charitas
783 5221 789 5266 :
808 5225 868 5270 nec
884 5209 1073 5276 contraria-

302 5293 357 5372 tur
381 5307 506 5376 dietum
535 5307 729 5398 Augustini,
761 5311 850 5398 quod
884 5313 1073 5384 eademest

303 5415 543 5504 charitasque
562 5441 623 5484 nos
640 5419 749 5510 diligit
763 5417 866 5502 Beue,
886 5429 918 5488 et
937 5445 999 5490 nes
1023 5427 1072 5516 ip·

303 5545 377 5590 sum
396 5545 402 5588 :
426 5523 505 5614 quia
524 5523 600 5592 licet
623 5549 741 5594 verum
756 5527 821 5608 sit,
839 5535 952 5598 tamen
977 5531 1072 5600 aliter

199 5627 201 5674 J
302 5637 363 5712 est,
395 5641 426 5700 θῖ
459 5631 555 5700 aliter
575 5657 581 5698 :
603 5655 684 5700 nam
716 5635 806 5720 Deus
825 5637 936 5728 diligit
950 5643 1012 5708 uos
1034 5665 1072 5710 ee

341 5843 348 5876 ¹
366 5841 391 5896 S,
410 5845 594 5910 auersrmus,
614 5843 674 5898 Lib,
693 5847 1035 5924 [contristasset.

813 473 853 540 D.
881 471 980 542 ΑΕΒ.
1006 475 1113 542 MAG.
1141 475 1242 544 uhu.
1269 473 1430 542 PRAED...
1512 537 1514 540 .

1137 645 1333 730 formaliter,
1352 669 1414 714 nos
1434 669 1513 714 vero
1534 647 1644 734 ipsum
1675 641 1847 732 diligimus
1863 639 1907 706 ef·
2075 669 2098 736 g

1137 753 1296 834 ficienter,
1324 763 1355 822 et
1386 751 1634 844 exemplariter,
1657 771 1726 816 non
1759 747 1905 814 formali·
2074 737 2098 846 tr

1136 871 1187 930 ter
1203 883 1210 930 :
1229 887 1308 930 nam
1325 885 1425 930 omne
1441 871 1568 944 esse,et
1583 883 1679 952 agere
1695 867 1743 928 θεῖ
1764 857 1905 924 aiorma
1922 867 2010 938 attigit
2036 847 2081 954 aa}

1136 969 1319 1038 inhaerente
1350 973 1476 1062 agenti,
1511 993 1584 1060 quae
1619 975 1667 1036 θεῖ
1700 967 1902 1056 principium
1958 939 2026 990 Deua
2076 961 2082 982 ⁵

1136 1079 1270 1170 agendi,
1293 1087 1324 1146 et
1339 1079 1458 1156 forma,
1478 1079 1563 1146 siout
1583 1075 1732 1144 caliditas
1753 1075 1835 1164 igni.
1886 1159 1887 1162 Ἴ

1181 1187 1362 1256 Sciendum
1396 1197 1445 1254 est
1472 1197 1598 1270 tamen,
1631 1183 1721 1276 quod
1758 1181 1903 1272 Spiritus

1135 1305 1268 1364 sanetus
1298 1297 1405 1378 datur,
1442 1317 1518 1362 eum
1553 1297 1650 1368 detur
1676 1295 1746 1380 ejus
1776 1291 1902 1356 donum

1133 1405 1286 1472 honum:
1311 1407 1388 1494 quia
1406 1405 1550 1494 Spiritus
1574 1409 1708 1472 sanetus
1725 1407 1773 1468 est
1793 1421 1900 1476 amor,

1134 1523 1165 1584 θῖ
1180 1517 1327 1606 primum
1346 1515 1474 1582 honum
1494 1537 1500 1584 :
1523 1515 1689 1604 posterius
1706 1517 1818 1578 autem
1834 1531 1903 1576 nou
1950 1551 1951 1554 =

1135 1625 1232 1692 datur
1247 1629 1317 1694 sine
1337 1625 1452 1716 priori.
2077 1685 2081 1716 :-

1175 1731 1353 1812 Praeterea,
1375 1755 1496 1822 eorpus
1517 1731 1695 1822 mysticum
1715 1735 1764 1794 θεῖ
1779 1749 1898 1808 Ιθῖιιῖῐῐι
1950 1751 2049 1824 eorpus

1131 1865 1191 1932 per
1210 1865 1372 1910 amorem.
1397 1839 1479 1908 Cum
1496 1861 1575 1930 ergo
1592 1835 1676 1904 nihil
1691 1841 1839 1902 creatum
1857 1835 1899 1900 sit
1916 1819 2082 1940 Πᾞξξξᾟ

1130 1973 1236 2016 uuum
1266 1949 1300 2014 in
1322 1947 1461 2016 diversis
1481 1942 1749 2036 particularibus,
1769 1947 1900 2030 oportet
1938 1941 2083 2046 umorem}

1133 2055 1392 2146 quodmembra
1413 2055 1563 2142 eorporis
1583 2049 1716 2142 mystici
1742 2049 1901 2114 uniantur
2055 2113 2056 2116 ,
2090 2065 2104 2170 g

1130 2151 1200 2230 uno
1230 2187 1344 2232 amore
1378 2163 1540 2240 increato,
1577 2163 1634 2250 qui
1663 2165 1713 2226 est
1756 2155 1901 2244 Spiritus
2004 2229 2006 2232 ,
2087 2175 2103 2286 St

1131 2277 1277 2336 sanetus.
2069 2285 2106 2360 p„

1173 2377 1353 2454 Praeterea,
1385 2377 1464 2466 quia
1505 2375 1691 2442 seeundum
1734 2373 2011 2462 AUSUSll·Tumm
2027 2361 2106 2458 mpii

1132 2509 1224 2562 num,
1257 2493 1365 2550 totum
1409 2483 1537 2550 malum
1573 2481 1719 2550 hominis
1753 2489 1814 2560 esi,
1850 2481 1898 2546 uti
1916 2473 1968 2592 'nug
1983 2469 2085 2594 12ᾞῶ

1130 2593 1290 2670 fruendis,
1310 2601 1341 2658 et
1370 2591 1435 2658 frui
1468 2591 1601 2659 utendis
1621 2613 1627 2658 :
1644 2595 1772 2658 constat
1803 2611 1895 2678 ergo,
1923 2583 2083 2708 copsistittt

1133 2701 1221 2794 quod
1240 2701 1433 2790 oppositum
1460 2707 1509 2766 est
1529 2707 1638 2766 totum
1661 2697 1790 2764 honum
1814 2699 1896 2774 eius,
1929 2673 2107 2772 tudl⁰hhlll

1132 2810 1257 2878 scilicet
1275 2811 1338 2876 frui
1352 2807 1512 2886 fruendis
1531 2815 1563 2876 et
1591 2809 1639 2874 uti
1667 2805 1809 2873 utendis.
1835 2805 1902 2874 Sed
1916 2763 2109 2914 qffflflgffihh

1133 2919 1175 2988 ad
1191 2919 1368 2986 fruendum
1386 2941 1424 2984 eo
1437 2941 1503 3006 quo
1520 2917 1699 2984 fruendum
1715 2915 1901 3006 estrequi-
1948 2913 2044 2962 resurr
2076 2883 2108 3010 ff

1134 3029 1219 3094 ritur
1241 3025 1417 3116 presentia
1440 3025 1595 3104 fruibilis,
1615 3031 1646 3090 et
1666 3025 1765 3088 etiam
1786 3021 1902 3110 dispo·
2066 3009 2109 3146 'pm

1134 3137 1211 3204 sitio
1228 3137 1338 3204 dehita
1353 3135 1504 3210 fruentis,
1520 3133 1608 3200 unde
1625 3131 1806 3220 requiritur
1821 3153 1903 3218 praa·
2091 3141 2105 3238 Ε

1134 3245 1240 3312 sentia
1270 3243 1423 3334 Spiritus
1445 3243 1563 3324 sarreii,
1596 3247 1628 3306 et
1660 3239 1733 3326 ejus
1760 3237 1902 3322 donum,
2086 3233 2110 3324 er

1135 3353 1259 3420 seilicet
1284 3375 1391 3428 amer,
1424 3373 1491 3438 quo
1530 3347 1737 3414 inhaereatur
1766 3345 1807 3412 ei.
1834 3345 1905 3414 Ve-
2072 3331 2109 3426 ὀἳ

1134 3469 1324 3528 rumtameu
1346 3483 1422 3528 cum
1439 3459 1536 3524 datur
1550 3457 1649 3540 nohis
1670 3453 1814 3544 Spiritus
1831 3477 1905 3522 san·
2077 3427 2082 3552 ξ

1134 3579 1218 3652 ctus,
1241 3559 1308 3634 non
1333 3567 1449 3656 incipit
1472 3587 1545 3632 esse
1569 3567 1603 3630 in
1625 3565 1699 3630 loco
1719 3583 1827 3642 novo,
1846 3563 1904 3644 sed
2077 3561 2082 3638 l

1133 3699 1222 3744 noro
1271 3675 1385 3754 modo,
1416 3697 1475 3762 per
1521 3673 1802 3764 productionem
1822 3671 1903 3754 novi
2076 3647 2082 3716 l

1133 3783 1282 3860 effeetus,
1305 3789 1337 3848 et
1356 3783 1436 3848 novi
1455 3787 1638 3868 respectus,
1658 3801 1697 3846 ex
1718 3801 1785 3868 quo
1810 3801 1904 3844 erea-

1132 3900 1208 3957 tura
1241 3913 1275 3956 se
1309 3891 1404 3956 aliter
1427 3885 1528 3954 hahet
1557 3887 1598 3954 ad
1629 3885 1791 3974 Spiritum
1825 3907 1905 3950 sau-

1133 4007 1236 4082 otum,
1256 4021 1357 4088 quam
1373 3999 1467 4086 prius
1486 4019 1492 4062 z
1511 4005 1648 4086 propter
1670 3993 1761 4086 quod
1776 4001 1809 4062 et
1833 3993 1904 4084 ipse

1131 4107 1254 4174 'dieitur
1295 4107 1391 4172 aliter
1424 4127 1496 4176 esse
1530 4105 1563 4170 in
1601 4113 1765 4182 ereatura,
1801 4125 1903 4194 quam

1130 4219 1224 4308 prius
1242 4239 1249 4282 ε
1269 4217 1345 4306 quia
1363 4201 1467 4282 estin
1488 4215 1573 4304 ipsa,
1591 4215 1678 4280 utin
1697 4235 1903 4304 cognoscen-

1131 4337 1175 4408 te,
1208 4337 1239 4396 et
1269 4333 1410 4394 amente
1443 4327 1560 4416 ipsum¹
1589 4323 1705 4414 :quod
1738 4347 1807 4398 non
1840 4323 1902 4402 fuit

1130 4437 1236 4526 prius.

1175 4543 1224 4610 Ex
1237 4543 1308 4632 jam
1325 4541 1419 4612 dietis
1439 4547 1542 4632 patet,
1562 4541 1653 4632 quod
1677 4539 1711 4606 iu
1732 4539 1899 4628 justifica-
1941 4529 2084 4620 charitaat-

1130 4653 1220 4718 tione
1250 4651 1374 4740 duplex
1397 4647 1542 4716 charitas
1571 4649 1669 4716 nohis
1698 4647 1806 4724 datur,
1829 4647 1898 4714 sci·
1915 4631 2084 4746 dssilglffi'}

1129 4761 1206 4826 lieet
1226 4767 1335 4828 creata
1362 4764 1394 4823 et
1413 4759 1560 4824 increata
1578 4757 1661 4828 :illa
1690 4779 1755 4844 qua
1784 4755 2087 4844 diligi-ini,¹1⁵iififfl·}

1128 4893 1216 4952 mus,
1250 4875 1283 4936 et
1314 4865 1372 4932 illa
1405 4887 1479 4956 quae
1504 4863 1687 4956 diligimur.
1706 4861 1769 4928 Vel
1801 4863 1897 4930 datur
1947 4827 2029 4872 um

1127 4975 1225 5042 nohis
1241 4973 1384 5040 charitas
1409 4979 1616 5064 creataque
1637 4971 1808 5062 diligimus
1833 4969 1899 5034 for-

1127 5081 1271 5164 maliter,
1291 5089 1322 5148 et
1346 5083 1504 5162 increata,
1532 5103 1599 5172 qua
1623 5079 1796 5168 diligimus
1822 5077 1898 5142 effe-
2082 5149 2085 5172 3

1127 5191 1320 5278 olive‚quia
1344 5195 1495 5256 nostrum
1526 5187 1663 5278 diligere
1689 5189 1761 5274 ipse
1794 5193 1897 5274 creat.
2082 5175 2087 5264 l

1128 5299 1179 5366 Ex
1203 5297 1256 5364 his
1281 5297 1462 5388 colligitur,
1485 5295 1578 5388 quod
1601 5295 1677 5376 licet
1699 5293 1790 5362 Deus
1807 5295 1898 5360 sitin
2082 5281 2087 5306 ³

1130 5406 1290 5476 omnibus
1318 5431 1379 5498 per
1408 5409 1601 5488 essentiam,
1622 5403 1848 5494 praesentiam,
1872 5409 1903 5468 et

1127 5499 1325 5610 potentiam,
1352 5523 1557 5584 nontamen
1591 5513 1733 5582 hahetur
1757 5511 1798 5588 ab
1823 5533 1899 5578 om-

1129 5627 1228 5694 nihus
1244 5649 1302 5716 per
1322 5627 1477 5718 gratiam.
2080 5607 2086 5726 ξ

2076 5727 2113 5872 l.

2078 2439 2082 2456 i

2078 4355 2082 4384 ,
