4258 6384
191 1117 330 1184 Misericor-

193 1183 233 1230 dia
260 1181 286 1226 in
309 1183 346 1220 tu·

132 1275 158 1284 ·=
203 1245 284 1294 seruo,
308 1237 334 1282 fil

192 1299 344 1368 qrromodot²

125 2647 129 2706 ξ
165 2639 317 2692 'Misericor-

194 2707 240 2752 dce
271 2703 315 2752 uei

124 2771 127 2820 t
200 2763 310 2814 effertus.

180 2829 330 2886 Qutdrnise·

126 2949 127 2952 Ἴ
200 2891 306 2942 ricerdis

123 2959 129 3020 t
177 2953 250 3012 justis
272 2967 332 3004 con-

180 3015 292 3066 terathie
307 3021 331 3066 et

178 3077 202 3126 in
230 3079 330 3140 patriar

659 471 907 546 COMPENDH
930 481 1227 552 THEOLOGICAE
1251 485 1485 556 VERlTATlS
1511 487 1594 552 LIB.
1622 487 1647 552 l.

358 673 456 730 terra.
476 651 632 720 Secundo
653 651 756 718 modo
785 653 906 722 dieitur
926 657 1022 746 quasi
1048 659 1128 726 mit-

359 779 430 836 tens
447 783 599 832 seorsum
621 759 731 828 cordis
751 783 911 852 rigerem,
938 745 1023 832 sicut
1040 769 1127 834 ecci-

359 879 459 966 pitur,
480 871 540 950 ihi,
558 869 795 936 Misericordia
812 879 843 936 et
862 873 987 940 ueritas
1008 875 1128 942 odoie-

359 987 476 1050 rerrort
490 975 557 1044 ridi
574 977 603 1038 ¹:
635 999 714 1042 uam
743 981 867 1044 vedtas
890 1003 951 1068 per
979 981 1125 1070 rigerem

360 1085 521 1182 procedit,
543 1083 602 1150 sed
623 1085 854 1152 misericordia
872 1085 963 1154 hune
978 1091 1125 1178 rigorem

361 1201 535 1284 temperat,
558 1215 777 1260 remunerans
793 1189 894 1284 supra
910 1197 1080 1276 meritum,
1094 1205 1126 1266 et

359 1303 502 1396 puniens
519 1299 600 1366 citra
620 1299 825 1390 condignum
841 1323 848 1370 ε
866 1303 912 1368 sic
934 1311 982 1370 est
999 1305 1125 1370 miseri-

358 1409 469 1480 cordia
485 1409 587 1474 etiam
603 1407 636 1472 in
657 1407 800 1476 interne.
823 1411 933 1476 Tertio
951 1413 1053 1478 modo
1073 1413 1123 1480 di·

353 1521 438 1590 citur
462 1515 703 1592 misericordia,
737 1519 833 1608 quasi
869 1519 954 1586 mira
974 1521 1122 1588 suavitas

1910 491 1950 558 39

1182 663 1367 730 secundum
1390 669 1554 752 augeatur
1581 661 1610 726 ei
1625 663 1796 732 meritum.
1828 663 1948 732 Dahis

1182 769 1314 836 duobus
1343 771 1549 836 Psalmista:
1586 769 1653 850 (lai
1682 781 1820 836 coronat
1858 783 1887 838 te
1913 775 1948 840 ia

1181 879 1425 960 misericordie,
1459 877 1572 966 quoad
1594 875 1764 966 primum:
1791 889 1821 942 ec
1847 881 1948 946 irrise-

1181 985 1371 1052 rationibus
1386 991 1408 1062 ³,
1424 985 1536 1074 quoad
1551 981 1736 1050 secuudum
1757 1009 1763 1050 :
1786 993 1819 1050 et
1838 985 1947 1074 loqui·

1180 1101 1235 1158 tur
1255 1095 1294 1160 de
1315 1117 1440 1160 corona
1455 1095 1581 1182 gratiae.
1603 1093 1700 1174 item„
1726 1095 1853 1160 confert
1869 1117 1949 1160 sau-

1180 1203 1239 1268 ciis
1253 1203 1409 1290 gloriam,
1428 1211 1459 1266 et
1475 1201 1538 1268 hoc
1554 1201 1741 1290 dupliciter,
1761 1203 1838 1290 quia
1859 1225 1947 1268 niiuc

1180 1311 1213 1376 in
1234 1333 1303 1400 spe,
1318 1319 1358 1378 et
1382 1311 1518 1378 tandem
1538 1313 1569 1374 in
1590 1333 1636 1374 re.
1659 1309 1707 1374 lie
1727 1307 1779 1374 his
1800 1311 1948 1376 Psalmi-

1179 1425 1228 1484 sta
1242 1441 1248 1482 ε
1270 1419 1336 1502 Occi
1347 1419 1452 1508 replet
1466 1419 1500 1482 ire
1514 1417 1607 1482 boreis
1619 1415 1824 1482 desideriam
1834 1427 1944 1496 turcae,

1179 1527 1289 1614 quoad
1311 1527 1485 1614 primum:
1513 1523 1730 1590 reicovobiterr
1755 1533 1792 1590 ni
1819 1527 1945 1614 oqrriia

353 1629 463 1716 rigans
485 1621 606 1688 corde:
638 1623 686 1688 sic
716 1625 946 1692 misericordia
975 1629 1121 1694 maxime
1170 1633 1337 1722 jacentes
1357 1645 1417 1702 tao
1437 1639 1458 1710 ⁴,
1488 1633 1600 1722 quoad
1628 1631 1823 1700 secundum.
1843 1633 1940 1716 ltem,

351 1743 400 1802 est
416 1733 450 1796 in
466 1727 562 1796 orele.
581 1727 672 1795 Licet
692 1733 782 1798 euim
797 1733 888 1800 Dens
903 1735 946 1800 sit
959 1737 1073 1824 justus
1089 1743 1121 1804 et

350 1841 549 1918 misericors,
581 1847 696 1906 temen
731 1841 852 1909 dieitur
881 1845 910 1908 ei
942 1845 1118 1932 proprium

349 1973 420 2018 esse
437 1949 588 2016 misereri
605 1949 728 2036 potius,
745 1973 847 2040 quam
873 1973 945 2018 esse
957 1953 1087 2040 justum
1107 1977 1113 2016 :

349 2061 426 2150 quia
464 2055 547 2124 nihil
581 2057 765 2146 requiritur
798 2059 840 2126 ἃᾶ
878 2061 1116 2148 coutpleudum

347 2191 431 2258 opus
462 2169 711 2246 misericordiae,
740 2169 804 2234 nisi
833 2169 991 2238 voluntas
1021 2171 1113 2258 ejus:

347 2277 403 2346 sed
420 2277 461 2344 ad
482 2277 720 2364 complendum
742 2299 826 2366 opus
844 2281 984 2366 justitiae
1001 2281 1113 2370 requi·

347 2391 429 2454 ritur
445 2389 545 2454 etiam
562 2385 691 2476 aliquid
705 2409 745 2452 ex
759 2397 853 2478 parte
869 2387 1029 2468 hominis,
1049 2391 1116 2458 exi-

344 2495 456 2586 gentia
477 2493 603 2562 scilicet
623 2495 832 2562 meritorum.

389 2601 618 2668 Misericordia
636 2601 695 2670 Dei
711 2609 801 2690 patet
822 2605 856 2670 in
878 2605 1050 2672 effectibus
1067 2605 1113 2670 di·

346 2711 501 2776 vinorum
540 2709 805 2780 beneficiorum:
841 2714 897 2778 det
926 2715 1013 2780 enim
1047 2715 1112 2782 reis

346 2819 491 2902 veniam,
515 2817 713 2884 dimittendo
734 2827 803 2886 tant
822 2825 948 2910 peccati
967 2829 1110 2902 reatum,

347 2927 1109 3020 quampeccetiaequalesdeqaitmsduobus:

348 3037 414 3120 Qui
439 3037 653 3126 propitietur
681 3037 837 3102 omnibns
870 3039 1111 3126 iniquitatibus

346 3145 424 3226 tuis,
443 3141 555 3234 quoad
585 3145 744 3232 primum.
779 3147 846 3228 Qui
869 3155 969 3212 ,serrat
998 3169 1132 3216 orarios

344 3251 560 3340 infirmitates
607 3255 720 3330 icccr²,
765 3253 877 3342 qtroed
911 3255 1107 3324 secundum.

342 3359 441 3440 Item,
459 3359 600 3450 largitur
613 3359 711 3448 justis
727 3363 882 3450 gratiam,
911 3361 1020 3430 dando
1042 3363 1110 3430 sci-

340 3469 416 3536 licet
432 3463 747 3546 virtutis'hebitum,
764 3477 795 3536 et
812 3471 942 3537 virtutis
963 3479 1104 3550 motum,

341 3584 377 3643 ut
395 3599 455 3666 per
470 3577 618 3666 primum
634 3575 732 3642 faciat
752 3575 927 3642 hominem
947 3579 1018 3644 Deo
1034 3601 1108 3668 gre-

268 3705 275 3708 ·’
339 3691 423 3768 tum,
456 3709 494 3756 eo
531 3687 600 3754 vite
626 3693 750 3754 aeterne
779 3687 939 3780 dignum:
971 3687 1108 3778 sedper

374 4003 381 4038 ¹
399 4003 477 4058 Psel.
492 4017 604 4068 nxxxrv,
625 4003 669 4060 tt.

371 4089 473 4148 ²Psat.
491 4109 534 4162 eu,
552 4095 578 4148 3.

370 4185 379 4218 ³
395 4183 519 4254 Ibidem,
536 4185 563 4254 t.
579 4185 606 4238 4.

370 4273 381 4308 4
397 4265 522 4342 Ibidem,
539 4277 564 4344 l·
582 4279 607 4332 5.

371 4363 437 4420 ⁵Cl.
455 4365 491 4422 ad
518 4367 642 4422 Roman.
668 4383 708 4434 rx,
728 4367 777 4434 ts;
810 4365 939 4438 Sapient.
957 4383 994 4434 rr,
1028 4365 1060 4418 24
1077 4369 1106 4418 et

1175 1765 1217 1810 ex
1237 1743 1466 1812 misericordie
1480 1741 1572 1808 Deus
1591 1743 1757 1830 patienter
1772 1749 1944 1830 exspectat

1174 1861 1377 1940 peccatores,
1408 1851 1552 1938 benigne
1580 1857 1723 1924 revocat,
1745 1851 1860 1914 ulcisci
1877 1849 1941 1914 dis-

1173 1959 1320 2034 simulat,
1340 1959 1380 2026 de
1400 1959 1515 2024 multis
1535 1957 1691 2046 periculis
1710 1955 1841 2032 liberat,
1860 1979 1938 2046 gra·

1172 2067 1251 2132 tiam
1270 2067 1451 2134 liberaliter
1466 2067 1581 2148 donat,
1600 2063 1711 2130 datam
1724 2065 1935 2152 multiplicat,

1171 2171 1427 2262 multiplicatam
1445 2175 1633 2246 conservat,
1652 2183 1886 2232 conservatam
1903 2169 1936 2232 in

1171 2281 1253 2348 caelo
1290 2283 1442 2372 praemiat
1460 2283 1483 2344 ⁵.
1510 2277 1607 2356 Item,
1640 2301 1679 2344 ex
1707 2277 1938 2370 misericordia

1169 2391 1260 2458 Deus
1280 2403 1488 2480 peccatorem
1511 2387 1552 2454 ad
1575 2409 1608 2452 so
1631 2385 1825 2452 redeuntem
1850 2385 1936 2450 hila-

1168 2501 1248 2564 riter
1263 2499 1401 2588 suscipit
1413 2493 1435 2574 ⁶,
1454 2497 1494 2564 ἃᾶ
1515 2493 1745 2584 penitentium
1762 2493 1935 2560 roremol-

1167 2607 1217 2682 lit,
1244 2607 1409 2674 offensam
1433 2607 1497 2670 cito
1526 2603 1676 2676 remittit,
1707 2591 1836 2688 injuriae
1859 2607 1936 2690 post

1168 2717 1400 2784 remissionem
1427 2737 1496 2780 non
1535 2701 1689 2778 meminit
1705 2709 1725 2774 ⁷.
1766 2711 1863 2784 Item,
1895 2733 1936 2788 ex,

1152 2825 1398 2894 ¹misericordie
1418 2825 1473 2892 dat
1491 2823 1580 2888 Dens
1594 2821 1746 2896 adversa,
1764 2827 1801 2886 ut
1821 2841 1935 2908 pecen-

1167 2941 1239 3000 tum
1264 2943 1405 3024 purget:
1436 2931 1492 2998 dart
1511 2949 1685 3020 prospera,
1712 2933 1749 2992 ut
1772 2927 1812 2994 ἃᾶ
1838 2949 1934 2992 emo-

1167 3067 1237 3112 rem
1253 3049 1434 3134 provocet:
1458 3039 1514 3106 dat
1539 3045 1761 3114 sacramente,
1778 3045 1815 3102 ut
1836 3037 1935 3102 meri-

1165 3161 1239 3218 tum
1255 3149 1427 3218 cumulet:
1450 3147 1506 3216 dat
1531 3153 1709 3236 praecepta,
1731 3153 1768 3210 ut
1791 3145 1931 3234 precario
1987 3183 1988 3186 =

1166 3261 1257 3330 ditet.
1280 3259 1377 3336 liam,
1396 3279 1440 3326 ex
1468 3253 1697 3324 misericordia.
1721 3261 1869 3318 errantes
1890 3251 1932 3318 ad

1165 3393 1199 3438 se
1215 3369 1354 3452 reducit,
1373 3375 1491 3436 euntes
1512 3365 1604 3432 adse
1625 3363 1792 3440 conducit,
1812 3361 1931 3428 cadeu-

1163 3487 1212 3546 tes
1237 3479 1344 3568 erigit,
1387 3483 1513 3542 stantes
1549 3481 1663 3540 tenere
1697 3491 1765 3534 non
1795 3469 1926 3542 desinit,

1162 3591 1395 3678 pervenientes
1413 3585 1446 3650 in
1464 3581 1607 3672 gloriam
1623 3579 1806 3646 introducit
1838 3631 1844 3644 .

1163 4035 1224 4086 seq.
1239 4017 1360 4080 ;Jerem.
1376 4027 1416 4078 ur,
1435 4013 1485 4074 123
1503 4007 1613 4062 Daniel.
1631 4023 1689 4072 xiii,
1706 4007 1749 4062 60.

1196 4105 1262 4162 ⁶Ct.
1275 4107 1347 4160 Luc.
1364 4119 1409 4170 xv,
1425 4105 1459 4156 20
1475 4105 1574 4170 etseq.

1195 4197 1205 4232 '¹
1222 4199 1263 4254 Gt.
1280 4195 1421 4254 Ezechiel,
1438 4211 1520 4260 xxm,
1536 4191 1568 4246 21
1587 4197 1614 4248 et
1629 4193 1672 4244 22.

1195 4289 1263 4346 8Cl,
1281 4291 1385 4344 [Patr.
1403 4305 1430 4358 u,
1448 4287 1496 4350 243
1513 4281 1611 4338 lletth.
1629 4297 1675 4348 xv,
1691 4279 1725 4332 22
1742 4283 1845 4348 etseq.
