4276 6392
316 477 355 546 {2

813 483 851 550 D.
878 485 978 552 Ate.
1004 487 1110 556 MAG.

1139 489 1240 556 ORD.
1268 491 1414 558 PRAED.

164 683 280 734 affertos
319 649 474 740 Apostoli
494 679 535 722 ex
558 661 734 744 praesentia
764 657 909 748 Spiritus
938 661 1044 728 saneti
1076 685 1082 730 :
1139 665 1286 742 divisim,
1306 673 1338 732 et
1362 669 1408 732 sio
1433 665 1591 754 quaelibet
1613 665 1716 730 trium
1741 685 1905 754 persona-

140 747 306 812 quadruplex

164 811 276 872 Spiritus

151 1213 278 1272 saturum
316 1207 537 1288 peccaverant
552 1201 750 1270 mortaliter.
771 1201 949 1290 Accipiunt
965 1209 996 1270 et
1011 1225 1083 1270 mo-
1133 1201 1218 1282 otili,
1235 1207 1356 1294 spirat,
1375 1213 1406 1272 et
1430 1207 1615 1272 secandam
1636 1203 1725 1270 hunc
1745 1203 1899 1280 modurn,

320 763 442 850 primo,
465 763 692 856 eloquentiam
713 769 747 834 in
770 767 913 856 lingais'
939 789 945 836 :
969 793 1085 838 seeun-

179 873 271 924 sautu.
320 867 375 950 do,
392 871 566 942 audaciam
581 875 615 940 in
630 875 852 942 tormentis²z
885 877 993 958 tertio,
1013 877 1083 944 elfi-
1160 917 1161 922 =
1182 883 1325 970 Spiritus
1340 889 1474 950 sanetus
1499 883 1605 950 multa
1628 881 1729 948 habet
1749 883 1899 948 nomina.
1918 905 2004 958 oratus
2022 927 2043 992 a,

317 979 443 1048 aeciam
459 979 493 1046 in
513 981 730 1050 miraculus:
749 991 879 1074 quarto,
902 985 1081 1074 protectio·

317 1107 395 1152 nern
416 1111 434 1154 a
461 1089 564 1172 tristis,
587 1093 667 1182 quia
680 1099 757 1180 post
773 1091 993 1180 Pentecosten
1013 1117 1083 1162 non

1137 797 1212 840 ram
1228 783 1276 842 est
1293 775 1437 864 Spiritus
1454 783 1600 842 sanctus.

1132 989 1263 1058 Dicitur
1279 993 1368 1058 euim
1385 991 1536 1080 Spiritus
1553 1015 1570 1058 a
1594 991 1752 1078 spirando
1779 989 1898 1066 activo,
1919 973 2045 1122 oitsuimii

1133 1121 1173 1166 eu
1190 1099 1281 1190 quod
1298 1101 1411 1188 spiret.
1428 1099 1527 1168 Joan.
1546 1123 1592 1176 ru,
1613 1099 1631 1164 8
1649 1119 1655 1162 ε
1676 1099 1827 1186 Spiritus
1843 1095 1902 1162 ubi
1918 1099 2044 1210 Γῑῑυῗυξιι

137 1281 290 1404 Ρξὲξξῖζᾚ,
316 1303 357 1372 do
374 1304 470 1372 multi
486 1307 611 1372 utiliter
629 1307 792 1396 Spiritum
808 1317 961 1376 sanctum
980 1325 1081 1400 :peo-
1131 1313 1196 1380 hoo
1212 1333 1348 1392 nomen,
1370 1315 1522 1402 spiritus,
1551 1333 1731 1378 commune
1747 1317 1797 1378 est
1821 1333 1901 1376 orn-

152 1405 295 1468 occipiunt.
311 1421 442 1480 catores
463 1413 598 1506 quidem
622 1417 759 1506 inigne
785 1417 826 1484 ad
850 1417 1076 1506 purgandum.
1130 1419 1228 1486 nibus
1248 1419 1355 1486 tribus
1379 1421 1545 1510 personis,
1574 1417 1632 1486 sed
1662 1417 1803 1506 Spiritui
1828 1439 1902 1484 san-

256 1595 257 1598 ,
312 1519 430 1586 Metth.
463 1543 510 1604 111,
540 1523 576 1588 ll
608 1525 717 1612 :Ipse
744 1523 931 1612 baptizabit
959 1549 1016 1592 uos
1044 1527 1095 1592 irc

310 1627 445 1716 Spiritu
457 1639 584 1708 sancto,
603 1639 633 1696 et
658 1633 741 1720 ipat.
761 1631 858 1716 Item,
878 1635 1077 1722 poenItentes

310 1735 351 1804 ad
365 1737 622 1828 proficiendum.
642 1741 732 1808 Psal.
756 1765 852 1822 oran,
878 1745 942 1810 tu:
965 1745 1077 1834 Spiri-

308 1855 363 1912 tus
378 1855 456 1912 tuus
481 1845 585 1912 bouus
613 1849 752 1916 deducet
771 1873 833 1916 me.
851 1849 948 1936 Item,
971 1849 1046 1940 peri
1064 1891 1077 1902 -

308 1951 352 2020 cti
373 1951 413 2020 ed
439 1951 729 2022 sanctificandum.
756 1955 788 2022 II
812 1957 853 2024 ed
878 1957 1029 2026 Corinth.
1050 1981 1072 2042 r,

309 2061 349 2130 22
370 2085 376 2128 :
401 2065 468 2146 Qui
482 2063 575 2130 dedit
583 2067 713 2154 pipicus
734 2067 885 2156 Spiritus
908 2071 945 2134 in
968 2069 1074 2134 cordi·

308 2171 369 2236 hirs
397 2173 530 2238 uostris.
563 2171 660 2248 Item,
691 2173 780 2242 beati
806 2175 846 2242 ad
880 2175 1071 2246 troandum.
1103 2165 1106 2170 ¹

307 2277 397 2344 Paul.
425 2301 511 2354 axvi,
541 2279 559 2344 3
587 2281 742 2346 :Reurcit
762 2283 932 2350 ceresolari
956 2287 1073 2350 areima

307 2383 393 2466 mea,
407 2393 468 2452 eto.
484 2385 580 2464 Item,
597 2389 747 2456 tribulati
759 2389 800 2456 ad
815 2391 1069 2472 consolandum.

306 2495 360 2562 Ad
374 2493 518 2562 Roman.
537 2517 608 2580 rur,
628 2497 667 2564 tt
690 2517 696 2564 :
715 2501 792 2566 Nou
809 2503 984 2590 accepistis
998 2503 1073 2590 Spi-

308 2605 413 2672 ritum
438 2605 609 2672 seruitutis
636 2607 759 2674 iterum
788 2611 822 2674 iu
851 2611 982 2690 timore,
1009 2619 1070 2680 etc.

234 2767 236 2770 .
308 2713 405 2788 Item,
423 2713 616 2806 ignorantes
637 2713 678 2782 ad
702 2715 949 2784 instruendum.
972 2717 1071 2786 Joan.

162 3077 276 3142 Tempus

139 3155 192 3204 quo
224 3145 300 3196 datus

139 3209 178 3254 cst
191 3205 302 3268 Spiritus

164 3273 282 3320 sanetus.

183 3331 252 3382 Dies.

165 4783 266 4832 Nomen

91 4879 92 4882 κ
165 4843 279 4908 Spiritus

136 4909 220 4958 sancti
235 4921 298 4972 quo·

133 4969 299 5022 modosumi·

186 5037 249 5085 tarr

310 2843 379 2902 ιιι,
398 2823 440 2888 26
458 2849 464 2890 :
482 2821 681 2890 Paracletus
697 2827 982 2918 autemSpiritus
995 2851 1075 2896 sau·

314 2937 397 3010 ctus,
412 2953 510 3020 quem
530 2933 640 3000 mittet
653 2935 770 3016 Pater,
794 2943 855 3004 etc.

338 3037 435 3116 ‘Quo
464 3047 615 3130 tempore
637 3041 733 3110 datus
764 3045 806 3110 sit
833 3043 978 3134 Spiritus
1006 3071 1081 3116 san-

317 3153 401 3230 cino,
419 3147 659 3216 attendendam
675 3159 737 3236 est,
754 3153 846 3242 qaod
860 3155 894 3220 in
910 3157 962 3224 die
980 3157 1081 3246 quin-

317 3257 546 3346 quagesimae,
575 3265 612 3324 ut
640 3259 837 3326 ostendetur
864 3269 981 3330 auctor
1009 3283 1082 3334 esse

174 3397 254 3448 flora.
316 3365 546 3432 remissionis:
573 3391 651 3434 nem
668 3369 776 3436 annas
792 3369 938 3456 jubileus
959 3375 1083 3442 servio·
1120 3387 1121 3392 ’

315 3475 372 3540 bat
399 3475 600 3544 remissioni.
632 3475 734 3544 Venit
767 3481 868 3544 etiam
902 3483 935 3548 in
956 3481 1008 3548 die
1025 3481 1082 3550 de-

313 3583 451 3664 minIco,
482 3589 622 3650 alenset
656 3583 725 3652 dies
759 3589 999 3672 renovationis,
1023 3593 1083 3680 qui

311 3691 374 3758 luit
394 3691 493 3756 etiam
520 3693 710 3760 creationis.
733 3697 840 3762 Datus
865 3719 1000 3788 quoque
1020 3699 1083 3766 luit

311 3799 409 3866 tertia
433 3799 550 3880 Iterat,
575 3801 653 3888 quia
682 3801 802 3870 dicitur
824 3807 954 3892 primus
974 3805 1078 3874 homo

310 3907 395 3974 hora
422 3907 518 3974 tertia
555 3905 740 3994 perdidisse
773 3913 916 4000 gratiam
947 3933 954 3978 ε
990 3913 1079 3982 unde

311 4015 514 4082 conveniens
531 4013 606 4096 luit,
624 4015 717 4106 quod
737 4017 854 4084 eadem
878 4017 963 4084 hora
986 4019 1100 4108 Apo·

313 4117 407 4186 stolis
421 4119 618 4186 mitteretur.
636 4121 730 4200 Item,
753 4123 818 4190 alie
837 4125 966 4192 ratione
983 4127 1081 4194 datus

311 4233 360 4294 est
377 4225 460 4294 hore
479 4229 587 4306 tertia,
616 4231 752 4314 scilicet,
780 4239 816 4298 ut
836 4235 1079 4318 ostenderetur,

312 4333 403 4426 quod
419 4335 519 4402 etiam
534 4337 631 4402 nobis
645 4335 732 4426 hore
746 4341 842 4408 tertia
858 4339 957 4408 datus
972 4345 1081 4432 gratia

309 4441 384 4508 Ilei.
408 4441 495 4508 Sunt
516 4443 606 4510 enim
626 4452 694 4510 tres
717 4445 810 4512 lroree
829 4447 993 4530 moraleS,
1018 4449 1080 4516 soi-

310 4549 389 4618 licet
430 4553 598 4636 contritio,
649 4555 828 4640 confessio,
869 4565 901 4624 et
948 4555 1079 4640 satisfa÷

311 4663 390 4732 ctio.

355 4771 405 4838 De
444 4771 509 4840 hoo
550 4773 699 4854 nomine,
740 4777 891 4866 Spiritus
927 4767 1077 4860 sauctus,

313 4879 486 4948 sciendum
511 4887 571 4962 est,
594 4885 686 4972 quod
708 4891 911 4974 potestesse
935 4887 1081 4954 circum-

311 4989 436 5056 locutio
465 4989 565 5056 unius
595 4993 721 5080 proprii
750 4995 909 5080 nominis,
941 5003 973 5062 et
1000 5003 1080 5066 tuuc

312 5097 471 5166 convenit
491 5103 621 5166 tantum
643 5121 796 5188 personae
818 5103 924 5170 tertiae
950 5105 985 5170 in
1004 5103 1097 5172 Tri-¹

311 5207 415 5274 nitate
437 5227 444 5274 :
470 5207 524 5274 uel
548 5215 690 5306 possunt
709 5209 779 5276 istae
800 5209 962 5280 dictiones
990 5215 1079 5280 sumi

287 5543 288 5546 ι
346 5515 408 5572 ¹ef.
426 5517 489 5572 Act.
510 5533 540 5586 11,
556 5517 582 5572 t.

344 5603 411 5662 ’Gt
425 5607 488 5662 Act.
505 5623 529 5672 ι,
550 5605 622 5660 raet
636 5623 697 5678 seq.
763 5635 764 5638 ¹
822 5585 824 5588 Ι

251 5679 264 5684 '¹
344 5697 390 5752 ’C
431 5699 518 5752 Marc.
534 5713 591 5764 rvr,
612 5699 655 5752 20.

347 5787 358 5822 ⁸
373 5697 414 5842 Gi
431 5787 494 5842 Act.
511 5803 540 5854 u,
554 5785 578 5838 l.

345 5877 357 5912 ⁵
372 5877 414 5936 Gt.
432 5881 495 5934 Act.
517 5893 547 5950 ιι,
563 5879 588 5934 2.

1130 1537 1182 1596 oto
1208 1529 1366 1594 convenit
1391 1551 1451 1618 per
1476 1525 1797 1618 appropriationem.
1824 1523 1901 1590 Alio

1129 1635 1230 1704 modo
1261 1637 1382 1704 dicitur
1410 1637 1564 1726 Spiritus
1588 1659 1611 1702 a
1640 1633 1806 1722 spirando
1828 1655 1902 1722 pas-

1128 1747 1211 1826 sive,
1233 1745 1381 1834 eoquod
1400 1747 1545 1834 spiretur
1564 1765 1570 1812 :
1589 1751 1621 1810 et
1640 1741 1706 1810 hoc
1726 1741 1900 1832 proprium

1127 1859 1176 1918 est
1190 1849 1328 1940 Spiritui
1344 1857 1476 1930 saneto,
1493 1851 1572 1940 quia
1586 1849 1737 1942 procedit
1753 1871 1814 1938 per
1829 1869 1900 1912 mo·

1127 1959 1206 2026 dum
1232 1961 1437 2050 spirationis.
1460 1959 1539 2026 Non
1569 1957 1679 2026 solum
1703 1963 1816 2024 autern
1847 1955 1899 2020 di·
2039 2025 2041 2058 ἑ

1126 2071 1211 2136 citur
1226 2069 1377 2158 Spiritus
1409 2067 1467 2134 sed
1488 2067 1622 2134 additur
1637 2073 1773 2134 suiectus
1792 2085 1799 2130 :
1818 2065 1898 2158 quia
1940 2097 2042 2152 S„,„„„

1125 2187 1261 2246 sauctus
1285 2177 1375 2244 idern
1395 2183 1444 2242 est
1464 2175 1557 2266 quod
1581 2173 1740 2254 mundae,
1768 2170 1821 2240 'vel
1843 2171 1897 2236 lir-
1956 2163 2041 2262 quida

1125 2305 1213 2358 mus,
1230 2281 1284 2348 vel
1300 2283 1371 2348 sine
1391 2281 1578 2368 terraslsta
1599 2287 1710 2346 autem
1727 2299 1796 2344 non
1812 2277 1911 2344 cond
2041 2275 2042 2278 ’

1125 2393 1267 2458 veniunt
1294 2391 1324 2458 ei
1347 2391 1430 2472 soli,
1448 2389 1560 2480 quoad
1585 2413 1631 2466 se,
1658 2389 1716 2454 sed
1741 2389 1840 2454 etiam
1861 2383 1895 2450 ia
2013 2451 2043 2482 '2

1127 2501 1389 2588 comparatione,
1412 2497 1524 2586 quoad
1544 2499 1630 2586 uos:
1649 2519 1728 2562 nam
1744 2519 1805 2584 per
1821 2509 1908 2582 gra-j
1938 2473 2042 2596 Sffilsslffip

1126 2609 1210 2674 tiam
1234 2605 1377 2696 Spiritus
1404 2607 1548 2674 sanctia
1577 2605 1721 2696 peccatis
1749 2599 1894 2668 manda·
1911 2599 2035 2724 {2222th

1127 2737 1216 2794 mur,
1242 2715 1276 2780 in
1295 2713 1394 2781 honis
1415 2713 1601 2792 firmamur,
1625 2735 1643 2778 a
1671 2713 1811 2778 terrenis
1840 2731 1895 2776 se·
1947 2725 2040 2774 noeirs

1129 2843 1299 2910 paramur.
1318 2821 1461 2888 Sanctus
1481 2845 1561 2912 ergo
1577 2843 1646 2888 non
1666 2817 1776 2884 solu-m
1799 2825 1848 2884 est
1862 2815 1897 2880 in

1131 2953 1178 3010 se,
1196 2927 1254 2994 sed
1270 2929 1348 3016 quia
1373 2951 1434 2994 nos
1457 2935 1590 3014 sanctos
1613 2925 1691 2992 facit
1712 2947 1753 2992 ex
1773 2923 1899 2992 sancti·-

1131 3043 1211 3112 tete,
1229 3035 1269 3102 de
1286 3059 1351 3124 qua
1367 3035 1446 3102 dicit
1459 3031 1644 3124 Dionysius
1667 3055 1673 3100 :
1694 3057 1709 3098 (ι
1733 3031 1900 3098 Sanctitas

1135 3171 1150 3212 ιι
1173 3151 1222 3212 est
1238 3143 1278 3210 ab
1295 3145 1390 3210 omni
1409 3141 1624 3210 immunditia
1643 3139 1761 3224 libera,
1781 3147 1812 3206 et
1827 3161 1901 3226 per·
2036 3209 2040 3236 Ι,

1136 3247 1902 3330 «fecta,etomninoirnnraculatarrruuditia.»
1968 3295 1970 3300 .
2036 3239 2040 3298 t

1179 3359 1356 3436 Praeterea,
1403 3357 1548 3448 Spiritus
1590 3361 1725 3424 sanctus
1764 3359 1905 3422 voratur

1134 3489 1254 3544 nexuS,
1272 3467 1392 3544 unitas,
1412 3473 1443 3532 et
1459 3463 1635 3554 amplexus
1653 3485 1668 3528 :1
1679 3469 1711 3528 et
1726 3461 1791 3528 hoo
1805 3465 1904 3550 prout

1135 3581 1348 3664 consparatur
1364 3571 1406 3640 ad
1417 3571 1553 3638 Patrem
1565 3579 1597 3640 et
1613 3569 1746 3636 Filium.

1179 3683 1276 3760 Item,
1310 3683 1440 3748 Dicitur
1472 3679 1600 3748 donum
1634 3679 1800 3745 Altissirni
1835 3699 1842 3742 :
1874 3683 1906 3742 et

1135 3795 1212 3872 hoc,
1241 3801 1341 3882 prout
1373 3799 1589 3880 eomparatur
1616 3789 1660 3856 ad
1689 3811 1750 3854 nos
1782 3811 1789 3854 ι
1827 3787 1907 3876 quia

1136 3927 1232 3972 omrtc
1252 3905 1371 3970 datum
1401 3901 1582 3990 optimum,
1604 3907 1634 3964 et
1660 3919 1757 3962 oratic
1778 3895 1906 3962 dorium

1131 4015 1320 4106 perfectum
1336 4009 1512 4078 desursum
1528 4015 1587 4090 est,
1605 4013 1666 4074 etc.
1682 4003 1701 4072 ⁸.

1178 4123 1275 4204 Item,
1288 4123 1418 4188 Dicitur
1433 4119 1507 4186 fons
1527 4119 1625 4186 vivus
1640 4117 1745 4204 :quia
1760 4121 1906 4202 septem·
2036 4193 2039 4208 .

1133 4233 1213 4324 plici
1233 4231 1304 4296 rivo
1326 4225 1616 4296 donorumnohis
1640 4223 1727 4290 lluit.
1760 4223 1824 4288 lsa.
1857 4243 1904 4300 ιιι,
2001 4305 2002 4310 ¹
2036 4221 2039 4246 ⁷

1135 4345 1202 4408 2et
1223 4339 1240 4404 3
1261 4361 1266 4404 :
1289 4337 1440 4426 Spiritus
1459 4333 1635 4424 sapientiai
1655 4341 1686 4396 et
1700 4329 1903 4404 intellectus,
2035 4335 2038 4344 '

1133 4447 1275 4538 spiritus
1298 4441 1434 4510 consilii
1463 4449 1493 4506 et
1517 4437 1748 4530 fortitudinis,
1763 4435 1905 4528 spiritus

1133 4555 1278 4622 scientiae
1298 4563 1329 4620 et
1344 4551 1496 4642 pietatis,
1520 4557 1590 4618 et...
1611 4547 1753 4636 spiritus
1774 4545 1905 4612 timoris

1133 4663 1284 4732 Domini.

1178 4773 1277 4852 Item,
1311 4771 1443 4840 Dicitur
1475 4771 1563 4858 ignis
1588 4761 1611 4852 ⁷,
1640 4765 1720 4856 quia
1749 4765 1903 4832 affectum

1134 4879 1320 4952 ascendit⁸.

1178 4991 1276 5070 Item,
1293 4991 1423 5058 Dicitur
1439 4987 1596 5068 oharitaS,
1613 5007 1681 5054 nen
1700 4981 1810 5050 solum
1826 4981 1904 5070 quia

1135 5109 1184 5170 est
1207 5123 1302 5166 amor
1331 5099 1440 5168 Patris
1466 5105 1497 5164 et
1530 5095 1619 5178 Filii,
1648 5093 1706 5160 sed
1734 5091 1813 5182 quia
1840 5113 1902 5156 nos

1135 5217 1287 5280 amantes
1306 5209 1395 5278 facit.

1169 5513 1293 5570 itacob.
1310 5531 1331 5578 1,
1348 5515 1391 5568 t't.
1409 5509 1449 5566 Cf.
1466 5513 1548 5566 toan.
1566 5525 1602 5576 ιι,
1618 5509 1651 5560 tt
1674 5509 1703 5560 et
1726 5519 1773 5566 ru,
1791 5503 1843 5566 393
1868 5503 1904 5560 ed

1046 5619 1047 5622 ’
1134 5611 1257 5664 Roman.
1273 5619 1299 5670 ι,
1316 5607 1341 5656 5.
1364 5667 1365 5670 ¹

1169 5697 1178 5734 ⁷
1194 5695 1235 5752 uf.
1250 5695 1317 5750 Luc.
1334 5711 1381 5762 vu,
1397 5695 1442 5748 ts.

1169 5789 1178 5824 Β
1196 5785 1236 5842 uf.
1248 5785 1330 5840 toan.
1345 5799 1402 5852 ιιι,
1420 5785 1463 5836 ts.
