4266 6384
511 421 512 424 ¹
569 475 817 546 COMPENDH
839 471 1139 542 THEOLOGICAE
1161 471 1397 540 VERITATIS
1436 473 1519 542 LIB.
1546 477 1589 546 ll.
1816 471 1856 540 δῖ

1322 963 1466 1032 CAPUT
1486 963 1623 1032 xxm.-

518 1081 663 1150 oerur
689 1035 782 1150 xm.

1247 1193 1298 1256 De
1316 1189 1419 1256 loculi
1439 1211 1518 1254 cusu
1539 1185 1681 1254 diaboti.

497 1303 548 1368 De
567 1321 646 1366 eoru
662 1299 798 1386 Aregeli.

1120 1507 1230 1574 *Casus
1254 1507 1355 1572 etiarn
1380 1505 1504 1572 diaboli
1527 1505 1642 1572 localis
1670 1505 1744 1590 fuit,
1769 1507 1848 1596 quia

308 1627 433 1692 Omnes
452 1623 602 1712 Angelos
617 1621 693 1688 lecit
713 1621 803 1686 Deus
820 1623 939 1698 bonne,
958 1641 1028 1686 non
1082 1615 1135 1680 vel
1169 1617 1203 1680 in
1250 1615 1431 1694 infernum,
1478 1611 1531 1680 vel
1559 1615 1593 1678 in
1622 1613 1846 1704 caliginosum

262 1747 375 1804 tamen
403 1755 568 1814 summos,
596 1731 654 1796 sed
675 1729 805 1796 medios
826 1731 912 1796 inter
932 1751 1029 1794 sum-
1081 1739 1205 1808 aerem,
1224 1725 1280 1814 qui
1301 1731 1350 1790 est
1367 1725 1402 1792 in
1425 1723 1534 1790 medio
1551 1723 1729 1798 interstitio
1746 1723 1844 1806 aeris,

263 1867 343 1912 num
377 1839 505 1906 bonum
538 1849 570 1908 et
601 1839 731 1906 bonurn
770 1835 1023 1920 commutabile,
1080 1835 1216 1902 corruit.

263 1951 353 2044 quod
373 1955 421 2016 est
441 1955 604 2026 creatura,
631 1949 675 2012 ita
692 1947 781 2036 quod
805 1947 832 2014 si
857 1951 1027 2012 converte·
1122 1941 1305 2010 Daemones
1325 1945 1415 2008 euim
1442 1965 1512 2008 non
1526 1947 1603 2008 sunt
1623 1941 1658 2006 in
1678 1941 1842 2030 superiori
1869 1931 2012 2058 iDeeinones

260 2069 373 2128 rentur
401 2057 442 2124 ed
470 2057 652 2124 amandum
686 2057 808 2140 Deum,
843 2057 901 2144 qui
925 2077 1025 2144 supra
1076 2059 1170 2142 parte
1199 2053 1294 2128 aeris,
1332 2075 1373 2118 ne
1403 2053 1530 2118 lumine
1562 2049 1754 2140 gaudeant:
1781 2025 2021 2148 neeroiudeuffi.

260 2193 294 2238 se
310 2175 391 2246 erat,
410 2167 627 2234 ascenderent
641 2163 683 2232 ad
698 2171 823 2232 statum
839 2165 966 2254 gratiae,
994 2171 1026 2230 et
1076 2169 1153 2226 sunt
1169 2163 1203 2226 in
1227 2169 1319 2250 parte
1342 2161 1503 2244 interiori,
1535 2181 1575 2226 ne
1603 2159 1704 2226 nimis
1724 2163 1841 2226 contra
1903 2141 1991 2190 ΜΗ

251 2277 387 2366 gloria.
423 2273 566 2342 Si'vero
599 2279 872 2340 converterentur
896 2271 1025 2340 ad‘bo·
1074 2271 1302 2336 nossaeviant.
1879 2355 1880 2358 Ἴ

259 2409 339 2452 num
368 2383 619 2466 conmutabile,
653 2381 744 2472 quod
773 2383 834 2448 luit
859 2385 945 2448 intra
974 2403 1020 2456 se,
1119 2377 1214 2446 Unde
1230 2377 1416 2444 notandum
1438 2385 1497 2456 est,
1515 2377 1605 2468 quod
1621 2377 1655 2442 in
1672 2377 1839 2456 damonif
1853 2391 2017 2466 aricinae*

258 2493 321 2558 hoc
345 2491 418 2580 ipso
445 2491 610 2558 irruerent
629 2491 664 2556 in
689 2489 816 2556 malum
846 2487 966 2580 culpae,
992 2493 1023 2554 et
1073 2485 1135 2550 bus
1161 2493 1209 2550 est
1242 2487 1305 2550 trio
1338 2485 1561 2566 considerare,
1589 2483 1714 2550 scilicet
1738 2489 1839 2550 notu-
1867 2457 2002 2508 mmmm·

256 2625 377 2694 prenae,
396 2601 475 2692 quia
491 2625 558 2670 non
571 2607 621 2670 cst
635 2599 777 2668 dedecus
792 2601 932 2688 peccati,
950 2597 1021 2664 sine
1073 2615 1157 2674 ram,
1181 2591 1341 2676 officium,
1369 2601 1401 2660 et
1417 2599 1612 2682 pometum.
1645 2591 1686 2658 Et
1710 2599 1837 2660 naturae

256 2711 416 2778 dedecore
434 2711 584 2798 justiti-re.
720 2757 721 2760 η
1072 2699 1209 2791 quidem
1226 2703 1382 2766 convenit
1406 2699 1500 2766 locus
1521 2721 1688 2784 sonamus,
1716 2699 1750 2766 id
1775 2707 1834 2784 est,

1071 2809 1207 2888 caelum,
1235 2811 1269 2874 in
1295 2831 1360 2898 quo
1388 2817 1561 2898 tamquam
1590 2811 1625 2874 in
1658 2809 1732 2876 loco
1760 2829 1839 2876 eon-

1071 2939 1156 3006 gruo
1182 2925 1260 2984 sunt
1285 2919 1398 3004 creati,
1425 2915 1689 3006 etpostnrodum
1718 2919 1753 2982 in
1781 2941 1838 2984 nn·

1070 3035 1145 3096 tora
1160 3029 1186 3094 si
1204 3029 1383 3110 stetissent,
1400 3027 1605 3118 perficiendi.
1625 3025 1743 3096 Officio
1757 3049 1836 3096 vero

1071 3137 1163 3228 quod
1177 3137 1302 3204 habent
1317 3139 1495 3206 exercendi
1520 3137 1689 3222 homines,
1711 3137 1837 3208 conve-

491 3249 635 3318 CAPUT
658 3247 770 3314 XXII.
964 3267 966 3272 ·
1069 3247 1117 3312 nit
1137 3243 1231 3312 locus
1251 3245 1395 3330 mediae,
1412 3245 1522 3328 idest,
1541 3267 1598 3312 aar
1616 3245 1832 3336 caliginosus,
1935 3257 1936 3260 ’

1068 3353 1126 3420 ubi
1166 3361 1197 3420 et
1221 3355 1300 3420 satis
1339 3357 1521 3444 propinqui
1550 3361 1627 3420 sunt
1657 3354 1755 3421 nohis
1793 3355 1853 3420 ad¹

365 3459 416 3522 De
434 3459 613 3546 spirit-noli
628 3479 708 3522 cusu
724 3455 896 3526 daemonis,
1067 3463 1278 3546 tentandum,
1301 3469 1463 3530 ettamen
1488 3485 1557 3528 non
1573 3461 1698 3528 habent
1718 3463 1833 3530 lumen

1067 3569 1109 3634 ad
1133 3567 1362 3656 gaudendum.
1400 3569 1467 3636 Sed
1504 3577 1639 3660 peccato
1674 3573 1833 3638 convenit

1064 3669 1160 3742 locus
1180 3677 1328 3756 infimus
1356 3679 1481 3746 scilieet
1501 3677 1662 3750 infernus.
1682 3679 1777 3748 Unde
1799 3689 1831 3748 et

261 3765 394 3842 'Casus
415 3775 539 3844 diaboli
562 3775 686 3864 duplex
712 3773 1013 3864 luit,scilicetspi·
1065 3783 1236 3850 daemonas
1265 3791 1342 3872 post
1384 3785 1487 3852 finem
1524 3783 1653 3862 mnndi,
1695 3787 1830 3876 quando

246 3885 385 3962 ritualis,
405 3891 438 3950 et
456 3885 584 3954 localis
1064 3889 1206 3956 cessabit
1243 3913 1359 3958 eorum
1408 3891 1569 3968 officium,
1612 3891 1830 3960 detrudentur

288 3991 504 4080 Spirituolr'e‚
538 3991 615 4080 quia
658 3989 777 4060 cecidit
809 3991 849 4058 de
882 3997 1011 4056 naturae
1064 3997 1165 4062 simul
1180 3999 1215 4062 in
1230 3997 1398 4066 infernum
1416 3999 1435 4066 ¹.
1881 3999 1883 4002 ’

244 4099 398 4184 puritate,
417 4097 456 4164 de
474 4097 683 4166 flexibilitate
707 4095 804 4166 liberi
824 4097 953 4164 arbitrii
969 4095 1011 4162 ad
1106 4103 1230 4170 Dicunt
1255 4105 1405 4194 quidam,
1432 4107 1523 4196 quod
1538 4107 1689 4196 Angelus
1708 4107 1826 4176 cecidit
1841 4131 2021 4190 Quaerens.

244 4207 482 4274 commutabile
515 4209 656 4286 bonum,
687 4205 727 4272 de
753 4205 827 4274 luce
852 4207 887 4272 iu
914 4213 1011 4272 teue-
1059 4213 1209 4280 secunda
1229 4213 1293 4280 die.
1313 4213 1378 4282 Sed
1403 4215 1616 4282 communior
1642 4223 1691 4284 est
1710 4219 1824 4308 opinio
1841 4193 2002 4322 ⁰isssslffsssu'

244 4311 331 4392 bras,
355 4317 395 4382 de
419 4317 557 4382 scientia
584 4317 618 4380 in
638 4315 877 4404 ignorantiam,
901 4315 941 4380 de
956 4315 1011 4380 in·
1063 4323 1153 4412 quud
1180 4321 1287 4410 prima
1311 4321 1363 4388 die
1389 4323 1499 4390 subito
1524 4331 1599 4412 post
1623 4327 1825 4392 creationem

119 4509 124 4518 Ι
244 4427 396 4492 nocentia
443 4429 477 4490 in
519 4425 666 4514 culpam,
712 4425 751 4490 de
788 4423 942 4492 felicitate
975 4425 1010 4492 in
1061 4455 1158 4500 suam
1202 4431 1367 4500 ceciderit.
1421 4433 1550 4500 Dicitur
1586 4437 1823 4518 communiter,
1879 4489 1880 4494 1

96 4503 219 4636 ἓζῇῗιξῐξξι
243 4533 391 4618 pronam,
422 4533 462 4600 de
497 4533 674 4602 dilectione
706 4533 741 4596 in
762 4533 889 4600 odium.
929 4533 1009 4600 Post
1061 4541 1152 4632 quod
1178 4541 1325 4608 decimus
1350 4541 1473 4608 chorus
1503 4541 1709 4632 Angelorum
1736 4545 1826 4610 ceci-

96 4633 220 4760 uigili}
246 4659 357 4708 casum
387 4643 477 4710 enim
512 4643 615 4710 factus
638 4650 687 4708 est
716 4641 940 4730 impoenitons,
977 4649 1009 4708 et
1060 4649 1131 4718 dit:
1164 4649 1221 4716 scd
1250 4647 1314 4716 hoc
1336 4671 1405 4716 uon
1434 4651 1567 4730 dicitur,
1593 4651 1682 4740 quod
1709 4651 1824 4720 decem

119 4771 185 4818 sumi
246 4745 431 4818 obstinatus
452 4753 486 4816 in
506 4748 609 4830 malo,
627 4757 659 4816 ct
674 4757 858 4814 exoaecatus
879 4771 1005 4828 avaro,
1045 4757 1193 4824 ¹acclines
1208 4755 1418 4846 Angelorum
1433 4757 1568 4840 fuerint,
1591 4757 1648 4824 sed
1665 4761 1755 4848 quod
1775 4767 1824 4828 tot

244 4853 458 4926 deordinerus
489 4859 525 4924 iu
560 4857 662 4938 bono,
695 4863 727 4922 et
755 4855 943 4920 infirmatus
972 4857 1006 4920 lss
1058 4869 1098 4934 de
1128 4867 1269 4958 singulis
1298 4867 1471 4936 ordinibus
1505 4869 1704 4954 cecideruut,
1741 4877 1823 4960 quot

240 4963 373 5046 virtute,
410 4975 443 5034 el
470 4965 624 5034 exclusus
659 4989 676 5030 a
710 4965 772 5030 Del
801 4965 1008 5052 contempla·
1056 4983 1213 5064 poterant
1244 4977 1351 5042 facere
1391 4975 1532 5044 chorum
1566 5001 1684 5044 unum.
1724 4977 1819 5046 Unde
1850 4963 1982 5076 {lgmgllolffi

239 5069 339 5138 lione.
386 5073 551 5140 Praeterea
588 5072 745 5138 voluntas
797 5073 870 5158 ejus
899 5071 1003 5160 ltttPlfl
1055 5107 1180 5152 novem
1201 5091 1278 5150 sunt
1302 5085 1435 5152 ordines
1461 5043 1998 5176 Angelorum:gusti-rumindiei·

238 5199 398 5250 conversa
414 5193 461 5250 est
487 5183 528 5252 ad
548 5181 696 5248 hominis
716 5179 833 5246 odium
857 5189 889 5246 et
914 5181 1005 5244 inri-
1055 5189 1110 5256 her
1135 5189 1218 5258 ordo
1234 5189 1335 5258 hebet
1354 5213 1431 5260 suas
1451 5193 1611 5282 legiones.
1638 5193 1740 5282 Legio
1757 5217 1819 5260 au·
1880 5155 1951 5206 hm

239 5283 353 5358 diam:
385 5291 474 5358 unde
501 5297 573 5358 toto
608 5289 930 5356 conamine-nititur
961 5289 1003 5354 ad
1054 5301 1820 5388 temangelorumhabetsexmiltesexcentas

239 5393 902 5486 ejussubuersionem,pertentationem
918 5395 1003 5462 fflssl*
1055 5409 1230 5496 sexaginta
1263 5431 1320 5474 sex
1349 5409 1506 5476 unitates.
1544 5409 1608 5474 Tot
1643 5419 1755 5478 autem
1785 5415 1819 5480 in

236 5499 397 5588 tiplicem.
1055 5517 1197 5608 singulis
1214 5517 1386 5584 ordinibus
1407 5523 1485 5584 sunt
1498 5517 1660 5606 legiones
1685 5529 1766 5610 quot
1786 5523 1820 5588 in

1055 5623 1188 5714 legione
1208 5633 1285 5692 sunt
1301 5627 1455 5692 unitates,

270 5843 333 5900 ror.
349 5851 450 5904 iraath.
465 5869 528 5922 xxv,
545 5853 591 5908 rr.
