4308 6416
410 559 412 562 ·
544 529 789 604 centenum]
812 529 1110 600 THEOLOGICAE
1134 533 1368 604 VERlTATlS
1388 535 1470 604 LlB.
1499 527 1541 594 ll.
1806 539 1845 604 bl

256 745 297 794 ex
317 715 430 808 figuris
449 733 561 780 rerum
582 709 708 778 diuidat
727 733 839 778 rerum
857 709 1025 778 'intentio-

256 821 524 912 nessingnlares.
585 879 587 882 .

91 965 240 1038 maganutus
300 935 338 1000 ln
357 929 421 996 hoc
449 935 561 994 autem
591 925 749 994 differunt
768 925 966 1014 imaginatio
992 931 1026 990 et

89 1025 243 1096 01ffll¹¹³⁰s¹⁸
257 1039 432 1114 memoria,
465 1039 543 1126 qnia
579 1037 644 1102 ista
689 1045 867 1104 conservat
897 1035 1024 1124 species

91 1093 241 1224 ei'iidilll'·
257 1171 369 1220 rernm
395 1169 402 1210 :
425 1145 496 1212 haec
516 1153 693 1214 conseruat
716 1147 921 1212 intentiones
950 1165 1023 1232 spe·

138 1221 192 1274 do?
279 1261 285 1276 .

259 1279 396 1330 clerum.

90 1357 243 1454 premaneat
304 1363 486 1432 Sciendum
503 1361 745 1452 qnoque,quod
767 1361 931 1428 memoria
953 1359 1023 1426 dis-

91 1435 242 1546 eiiiiinlif·
257 1483 343 1544 crete
377 1479 409 1538 et
424 1471 576 1538 distincte
593 1471 771 1538 revertitur
784 1471 826 1538 ad
846 1493 910 1552 res,
933 1491 1023 1536 com-

91 1545 241 1684 iiilii'aii
255 1581 411 1676 ponende
432 1581 636 1648 intentiones
656 1579 827 1648 distinctas
843 1603 919 1646 cum
936 1579 1023 1648 ima-

255 1693 400 1786 ginibus,
432 1687 695 1758 Reminisoentia
723 1699 836 1756 autent
866 1691 936 1756 sive
969 1713 1023 1758 re-

255 1801 402 1872 cordatio
432 1805 481 1864 est
497 1807 621 1876 motus,
646 1799 741 1888 quasi
768 1799 974 1888 interceptus
992 1807 1024 1864 et

254 1911 419 1978 abscissus
452 1927 511 1996 per
539 1907 758 1986 oblivionem,
790 1913 822 1974 et
857 1913 907 1972 θεῖ
945 1927 1023 1972 cum

254 2017 433 2086 collatione
458 2017 633 2104 temporis,
652 2023 683 2084 θῖ
699 2015 777 2094 leci,
800 2023 831 2082 et
847 2011 1024 2104 hujusmo-

256 2127 298 2194 di.
320 2123 596 2192 llenrinisceutiae¹
619 2125 709 2190 enim
743 2121 865 2204 modus
881 2147 951 2190 nou
974 2131 1024 2190 est
1082 2121 1086 2128 ’

1078 711 1153 780 loco
1170 735 1238 780 suae
1250 713 1476 806 generationis
1488 715 1589 782 etiam
1606 723 1692 798 acto,
1711 715 1845 808 quando

1080 821 1137 890 illa
1164 847 1234 890 uon
1263 823 1463 892 considerat.
1504 823 1696 892 Intellectus
1734 831 1846 892 autern

1079 929 1249 1016 possibilis
1270 929 1311 996 ad
1325 927 1387 994 has
1403 931 1542 1018 species,
1566 951 1649 1018 quas
1670 931 1716 996 sic
1745 929 1848 996 habet

1079 1033 1169 1124 apud
1189 1059 1234 1114 se,
1259 1035 1475 1120 accrescitur,
1493 1037 1548 1104 rel
1567 1035 1608 1102 ab
1637 1039 1685 1102 eis
1719 1037 1846 1102 averti-

1079 1151 1144 1230 tur,
1169 1147 1305 1236 quande
1323 1147 1496 1214 voluerit.-

1126 1253 1250 1324 Ultimc
1271 1255 1457 1324 notandum
1484 1263 1545 1342 est,
1561 1253 1653 1350 quod
1678 1261 1843 1326 momoria
1856 1261 1943 1312 Locos
1956 1271 2019 1336 'me-

1078 1365 1215 1452 ponitur
1244 1367 1278 1434 iu
1307 1367 1484 1456 posteriori
1502 1375 1596 1456 parte
1625 1369 1763 1446 cerebri,
1786 1369 1844 1456 qui
1896 1339 1986 1440 qqpp

1078 1473 1173 1542 loens
1195 1483 1245 1544 θεῖ
1260 1477 1369 1544 siccus
1388 1483 1527 1568 propter
1541 1499 1663 1546 nervos
1683 1479 1843 1558 motinus,

1079 1585 1136 1672 qni
1150 1585 1305 1650 criuntur
1320 1607 1359 1650 ex
1379 1585 1447 1672 ipss

1337 2115 1481 2184 CAPUT
1504 2117 1592 2186 XLI.

253 2231 442 2314 uniformis,
483 2231 542 2298 sed
588 2237 746 2298 causatur
785 2253 827 2296 ex
866 2229 1022 2320 pluribus
1093 2231 1094 2234 ’

254 2339 426 2434 principiis
466 2339 760 2406 circumstantibus
798 2337 882 2404 illud
928 2339 1023 2428 cujus

254 2447 387 2536 proprie
436 2451 485 2512 est
531 2443 830 2530 reminiscibilitaS,
865 2467 942 2512 cum
981 2443 1024 2512 sit

252 2553 456 2644 principium
476 2553 666 2622 multorum
698 2555 792 2646 prins
813 2561 1023 2624 memorato-

253 2685 340 2730 rum.
360 2661 442 2728 Cum
473 2665 561 2728 enim
596 2657 654 2752 per
678 2665 879 2730 memoriam
898 2663 957 2730 fiat
971 2685 1023 2732 re-

254 2793 327 2836 rnm
349 2769 582 2860 apprehensio,
608 2771 697 2860 qnod
713 2769 840 2838 eaedem
857 2793 910 2838 res
929 2773 1023 2860 prius

252 2877 374 2944 luerint
388 2881 423 2946 iu
439 2901 486 2958 se,
509 2879 563 2946 uel
578 2881 613 2944 in
634 2879 789 2946 sensibus
805 2881 879 2946 aliis
904 2883 1023 2970 cogni-

252 2995 305 3064 ta,
335 2993 427 3076 patet
450 2987 540 3076 qnod
567 2989 594 3054 si
629 2989 704 3076 quis
725 3009 777 3054 res
804 2987 951 3056 totaliter
974 2995 1024 3064 est

254 3093 389 3178 oblitus,
407 3119 477 3162 non
492 3103 603 3184 potest
617 3117 677 3184 per
691 3097 893 3162 memoriam
909 3117 1023 3162 recor-

254 3201 324 3270 dari
340 3225 375 3270 se
391 3225 462 3270 esse
481 3201 637 3272 oblitum.
656 3201 724 3270 Sed
740 3205 767 3270 si
785 3205 908 3270 oblitus
925 3211 975 3270 θεῖ
988 3205 1035 3270 in.

254 3315 356 3398 parte,
374 3295 527 3398 tuuc'per
551 3309 585 3376 id
609 3309 702 3398 quod
718 3313 899 3388 remansit,
912 3319 1022 3400 potest

254 3417 422 3484 reminisci
449 3439 485 3484 se
506 3415 712 3506 quandoque
742 3417 906 3484 scivisse:
933 3419 1023 3484 unde

253 3547 311 3614 per
351 3526 588 3594 collectionem
621 3529 879 3596 reminiscentia
913 3537 1024 3618 potest

254 3637 353 3700 etiam
382 3635 423 3702 ad
455 3633 488 3700 id
509 3635 600 3724 quod
634 3635 759 3702 oblitus
784 3637 893 3704 luerat
914 3637 1023 3704 redire

254 3763 329 3808 cum
351 3743 441 3810 illins
466 3743 634 3832 adjutorio
660 3745 749 3834 quod
769 3747 929 3814 remansit
952 3769 1023 3814 me·

254 3871 380 3918 monae.

93 3959 240 4078 pequadiqq-
297 3961 371 4030 Alia
386 3961 486 4030 etiam
502 3967 552 4030 θεῖ
572 3961 759 4030 dillerentia
781 3965 867 4032 iuter
891 3987 1023 4034 memo-

92 4085 131 4156 ra
148 4101 243 4142 memo.
257 4091 340 4136 nam
357 4079 388 4138 et
411 4071 696 4138 reminiscentiam
716 4093 722 4138 τ
749 4073 828 4162 quia
857 4075 1023 4140 memoria

93 4157 243 4268 Ξῗζῖεξξζῖ
258 4177 362 4246 multa
387 4181 587 4270 participant
606 4179 776 4258 animalia,
799 4181 857 4248 sed
883 4185 1023 4250 remini-

93 4349 95 4354 .
134 4273 204 4328 “²¹¹¹-
257 4291 381 4356 scentia
399 4289 504 4356 solius
527 4289 667 4358 rationis
692 4297 753 4368 est,
776 4291 855 4378 qnia
882 4291 1022 4360 remini·-

256 4399 380 4464 scentia
417 4405 465 4466 est
500 4399 654 4490 quaedam
686 4399 913 4488 investigatio,
948 4423 1021 4490 quae

254 4501 324 4570 siue
350 4505 465 4574 ordine
504 4505 643 4574 rationis
677 4531 745 4574 uon
785 4513 845 4586 θεῖ,
873 4531 911 4574 ac
950 4511 1021 4576 sine

253 4607 503 4692 deliberatione,
525 4637 585 4704 per
608 4637 681 4702 quae
705 4615 906 4684 antecedens
934 4617 1022 4684 ordi-

251 4723 349 4786 natur
376 4723 418 4788 ad
447 4743 669 4810 consequens.
707 4719 795 4790 Sane
829 4747 909 4790 cum
945 4725 1020 4812 quis

252 4827 420 4896 reminisci
447 4829 593 4898 voluerit
614 4853 652 4896 ea
675 4851 750 4920 qua
767 4851 835 4896 nou
855 4853 896 4896 en
918 4831 1020 4898 mede

254 4949 319 5018 quo
334 4959 394 5024 per
415 4959 564 5020 sensum,
583 4937 641 5004 sed
656 4961 716 5026 per
730 4939 937 5006 intellectum
959 4963 1020 5028 ap-

251 5039 451 5122 prehendit:
481 5043 546 5114 hoc
570 5069 638 5112 non
669 5047 705 5112 lit
719 5069 779 5134 per
801 5047 1016 5128 memoriam,

254 5149 330 5232 quia
356 5155 520 5222 memoria
553 5155 633 5222 talia
665 5177 734 5224 non
764 5165 924 5236 reservat,
959 5155 1019 5224 sed

252 5249 438 5328 intellectus
472 5265 638 5330 convertit
666 5287 700 5332 se
738 5287 841 5352 super
870 5287 909 5332 ea
945 5287 1018 5352 qnae

252 5353 353 5432 habet
377 5371 466 5458 apud
489 5393 537 5454 se,
568 5379 600 5438 et
627 5393 666 5436 ea
685 5371 813 5440 reducit
833 5371 1016 5452 adactum,

254 5485 326 5552 quae
343 5471 442 5544 habet
461 5479 496 5544 in
511 5479 649 5548 habitu:
671 5481 734 5548 iste
755 5489 867 5548 autem
884 5479 1017 5548 habitus

253 5589 366 5648 manet
389 5587 564 5654 actualiter
578 5587 667 5676 apud
683 5587 891 5656 intellectum
905 5589 1019 5678 possi-

252 5673 353 5752 bilem
375 5695 432 5778 qui
458 5703 507 5760 est
527 5695 622 5764 locus
638 5695 825 5784 specierum
846 5697 1019 5764 nniversa-

253 5779 334 5856 lium
353 5815 360 5860 :
378 5801 467 5868 unde
492 5809 525 5870 et
548 5803 752 5870 universalia
773 5803 866 5894 prius
896 5827 1019 5894 specu-

251 5883 318 5960 lata
335 5917 509 5974 remanent
538 5911 626 5998 apud
650 5911 760 5998 ipsum
785 5917 959 6000 tamqnam
984 5911 1018 5978 iu

1210 2329 1314 2394 Deci
1339 2327 1495 2398 sensibili
1512 2339 1544 2396 et
1571 2329 1709 2398 eorico.

1124 2651 1284 2742 Sequitur
1299 2651 1340 2718 de
1360 2653 1393 2718 vi
1428 2649 1576 2718 sensibili
1603 2651 1742 2718 motiva.
1765 2649 1845 2720 Haec
1861 2659 2016 2732 annotino

1077 2767 1193 2828 movet
1217 2759 1419 2850 quandoque
1439 2757 1665 2848 spiritualiter,
1688 2757 1845 2848 quando·
1858 2727 2020 2848 biiltiiiiiit

1078 2893 1143 2960 qne
1172 2865 1402 2958 corporaliter.
1433 2867 1550 2932 Primo
1589 2867 1689 2932 medo
1724 2865 1844 2934 dicitur
1913 2853 1962 2902 ter.

1078 2977 1276 3068 appetitiva,
1311 2997 1383 3064 qum
1419 2983 1532 3042 movet
1567 2975 1766 3064 dupliciter,
1790 2983 1847 3042 aut

1078 3089 1262 3180 diligendo,
1284 3095 1341 3156 aut
1361 3085 1505 3154 odiendo
1541 3093 1598 3154 :et
1626 3085 1788 3154 dividitur
1812 3089 1847 3154 iu
1950 3165 1951 3170 γ

1078 3199 1374 3288 concupiscibilem
1395 3205 1427 3262 et
1445 3196 1659 3280 irascibilem,
1678 3221 1737 3286 per
1762 3219 1846 3288 quas

1078 3309 1204 3400 appetit
1218 3307 1482 3386 animabonum‚
1500 3307 1554 3372 vel
1574 3307 1718 3396 insurgit
1729 3313 1846 3374 contra

1078 3419 1218 3486 malum.

1121 3525 1173 3592 Ab
1193 3523 1245 3592 bis
1264 3545 1345 3592 vero
1367 3521 1507 3600 duabus,
1538 3523 1664 3588 scilicet
1686 3523 1845 3592 irascibili
1859 3529 2021 3604 Abrettene

1077 3643 1110 3704 et
1130 3631 1392 3724 concupiscibili,
1415 3635 1568 3700 oriuntur
1594 3641 1737 3722 quatuor
1761 3607 2021 3710 affe-iiiiiillil

1077 3747 1215 3826 stiones,
1247 3743 1372 3808 scilicet
1400 3739 1572 3830 gaudium,
1609 3763 1697 3832 spes,
1730 3743 1842 3826 dolor,
1868 3721 2010 3846 3ssssssle
2048 3821 2049 3824 Ἴ

1077 3861 1109 3922 θῖ
1129 3855 1242 3922 timor.
1261 3851 1347 3918 Nam
1367 3851 1394 3916 si
1415 3873 1561 3940 praesens
1584 3859 1633 3916 θεῖ
1653 3851 1744 3940 quod
1760 3875 1844 3920 cun·
1904 3847 1984 3900 cibati.

1076 3963 1293 4054 cupisciruuS,
1325 3959 1511 4048 gandemus
1542 3981 1549 4024 ε
1581 3959 1608 4024 si
1634 3959 1755 4028 absens
1781 3969 1842 4038 est,
2045 3957 2046 3962 ’

1076 4091 1263 4162 speramns.
1301 4067 1461 4132 Similiter
1495 4067 1523 4132 si
1550 4087 1697 4156 praesens
1731 4077 1782 4136 est
1805 4069 1845 4138 de
1887 4147 1888 4150 Ἴ

1076 4201 1143 4268 quo
1166 4175 1354 4252 irascimur,
1387 4171 1541 4240 dolemus
1564 4193 1570 4240 :
1594 4175 1619 4240 si
1641 4173 1763 4242 absens
1779 4183 1842 4254 est,

1075 4287 1249 4354 timemus.

1121 4391 1329 4460 Seusualitas
1350 4398 1463 4456 autem
1479 4397 1528 4456 est
1552 4391 1605 4456 ris
1622 4391 1842 4460 animae‘sen-
1869 4397 2001 4472 sensusn-

1075 4501 1180 4570 sibilis
1211 4501 1359 4576 motivae,
1388 4503 1420 4566 θῖ
1439 4499 1480 4564 ad
1513 4499 1602 4564 idem
1634 4507 1758 4576 movet,
1799 4501 1842 4568 ad
1872 4465 2000 4576 tasitiild

1075 4611 1166 4700 qued
1187 4601 1456 4698 concupiscibilis
1486 4613 1518 4672 et
1542 4605 1730 4674 irascibilis.
1754 4607 1843 4674 Sen-

1074 4717 1212 4786 sualitas
1259 4717 1349 4782 enim
1392 4713 1528 4804 appetit,
1576 4735 1652 4804 quae
1694 4713 1844 4782 delecta-

1073 4825 1154 4892 bilia
1187 4831 1265 4892 suut
1301 4823 1446 4912 corpori,
1487 4843 1524 4888 ac
1557 4823 1678 4888 nociva
1707 4823 1840 4912 refugit.

1100 4919 1237 5000 ‘niffen
1266 4939 1381 4998 tamen
1410 4929 1610 4996 sensualitas
1634 4951 1652 4996 a
1679 4931 1845 5020 coucupi-

1072 5041 1182 5110 scibili
1220 5049 1253 5108 et
1288 5035 1448 5106 irascibili
1481 5059 1487 5106 :
1517 5037 1595 5128 quia
1642 5039 1842 5106 sensualitas

1072 5149 1180 5240 magis
1210 5149 1425 5236 conjungitur
1458 5147 1617 5234 corpori:
1643 5153 1674 5212 θῖ
1697 5149 1784 5212 sicut
1806 5147 1841 5212 in

1070 5259 1190 5336 brutis,
1212 5257 1258 5324 ita
1272 5257 1308 5322 in
1328 5255 1465 5322 homine
1480 5255 1573 5320 nulla
1591 5255 1665 5342 lege
1684 5257 1842 5342 perstrin-

1070 5367 1171 5458 gitur,
1204 5365 1287 5454 quin
1316 5385 1450 5452 semper
1469 5365 1504 5428 iu
1538 5359 1706 5450 appetitus
1727 5383 1839 5428 rerum

1071 5475 1112 5542 ad
1139 5497 1260 5562 corpus
1289 5475 1530 5562 pertinentium
1559 5479 1746 5540 ruoveatur.
1772 5473 1839 5540 Sed
1865 5477 2004 5530 irascibilis

1070 5581 1341 5670 concupiscibilis
1365 5589 1398 5648 et
1425 5579 1599 5648 irascibilis
1628 5583 1838 5672 conjungun-
1862 5545 1997 5668 {iiiiii

1069 5701 1124 5758 tur
1157 5693 1290 5772 rationi,
1328 5697 1360 5756 et
1392 5695 1494 5778 prout
1525 5697 1604 5756 sunt
1631 5693 1665 5756 iu
1684 5689 1833 5770 homine,
1853 5683 2010 5794 gffssffllfl„

1069 5803 1254 5868 fraenantur
1265 5799 1407 5880 ratione,
1426 5819 1462 5864 ac
1478 5805 1641 5888 reguntur
1654 5799 1836 5866 virtutibus
1891 5795 1966 5846 ttoni.

1070 5930 1145 5998 quae
1174 5907 1356 5976 fundantur
1389 5905 1423 5972 in
1448 5907 1540 5996 ipsis.
1558 5905 1616 5974 Est
1640 5909 1730 5974 enim
1749 5917 1837 5976 tem-
