4250 6376
345 491 385 556 42
833 495 874 562 D.
901 495 999 562 ALB.
1025 493 1131 562 MAG.
1158 493 1259 562 ORD.
1286 491 1431 560 PRAED.

347 685 471 754 scilicet
490 687 741 778 purgatorium:
760 685 879 776 aliquis
902 685 937 752 in
960 707 1026 774 quo
1041 685 1104 752 bo-

347 817 429 860 nurn
450 801 481 860 et
509 793 634 860 malurn
665 801 724 874 est,
752 793 810 860 sed
839 801 993 862 neutrum
1010 815 1104 860 sum-

346 925 453 980 mum,
476 899 598 968 scilieet
613 901 757 966 mundus
774 901 846 968 iste.

611 1419 756 1488 CAPUT
772 1419 835 1486 111.

338 1637 390 1704 De
417 1633 633 1702 distinctione
666 1633 808 1702 ordinm,
827 1643 897 1702 tom
917 1635 1102 1702 celestium

541 1765 645 1834 quum
665 1743 904 1810 elernentorom

180 2059 315 2170 ffiggfilg
386 2059 576 2148 Corporalis
592 2059 708 2128 mundi
734 2059 891 2126 machina
909 2065 981 2126 1010
997 2059 1104 2124 oonsi-

164 2185 324 2258 quoqonsts-
340 2167 395 2234 stit
411 2167 446 2234 io
461 2167 603 2250 duobus,
640 2168 765 2236 scilicet
784 2169 819 2232 in
839 2177 959 2234 natura
977 2167 1104 2234 coelesti

220 2251 267 2296 ”ll
340 2279 420 2344 0110
436 2285 554 2344 natura
570 2277 774 2354 elementali.

164 2419 227 2470 Coep
243 2419 324 2482 qrrotr
385 2385 535 2452 Caelestis
555 2397 667 2452 autem
691 2395 812 2452 natura
837 2385 1056 2476 distinguitur
1070 2387 1105 2452 iu

339 2499 407 2560 tres
425 2495 525 2560 crnlos
545 2493 757 2584 principales
784 2495 909 2560 scilicet
929 2495 963 2560 in
983 2495 1118 2568 coelum,

339 2603 582 2692 crystallinum,
596 2611 627 2670 et
638 2625 848 2692 empyreum,
869 2613 900 2670 01
914 2603 1107 2670 firmamen-

338 2719 421 2776 tum.
438 2711 531 2778 lutra
546 2713 795 2778 firmamentum
812 2713 904 2802 quod
920 2697 969 2778 est
984 2711 1106 2778 coelum

338 2816 523 2898 stellarum,
542 2821 754 2886 continentur
774 2827 903 2908 septam
924 2819 1022 2886 orbes
1038 2819 1107 2908 pla-

338 2933 506 3010 netarum,
542 2929 601 3016 qui
638 2935 717 2992 sunt
746 2925 924 3008 SaturnuS,
959 2929 1104 3016 Jupiter,

338 3035 439 3114 llars,
464 3035 681 3118 8011100110,
704 3035 903 3112 Mercurius,
919 3035 1027 3104 Luna.

383 3145 528 3212 Nomine
554 3153 666 3214 autem
695 3145 768 3212 omli
803 3145 1000 3236 crystallini,
1036 3147 1107 3214 sive

339 3255 450 3342 aquei,
473 3253 670 3344 intelligitur
689 3253 745 3318 illa
764 3277 842 3342 pars
864 3255 1015 3322 materiae
1034 3255 1107 3344 pri-

341 3385 417 3442 mae,
432 3383 507 3452 quae
519 3361 702 3430 secundum
719 3361 969 3452 Philosophum
985 3361 1107 3430 forma·

338 3479 372 3538 ta
388 3473 481 3538 estin
497 3471 582 3538 duos
598 3475 708 3552 orbes,
727 3495 873 3562 quorum
890 3473 1044 3562 superior
1059 3481 1108 3542 est

249 3621 251 3624 -
339 3583 486 3670 primum
512 3579 648 3646 mobile.
670 3581 817 3646 latorum
837 3589 957 3648 natura
972 3579 1107 3648 orbium

340 3695 401 3772 est,
420 3687 511 3778 quod
524 3709 642 3754 omnes
662 3695 855 3772 moventur,
880 3695 1018 3778 excepto
1036 3711 1107 3756 em·

339 3819 454 3886 pyreo,
475 3797 567 3888 quod
582 3797 733 3886 quietum
749 3805 811 3864 est.

383 3903 512 3972 Natura
534 3927 615 3972 uero
647 3905 856 3972 elementalis
889 3907 924 3970 in
960 3911 1107 3996 quatuor

340 4011 486 4102 sphaeras
501 4011 700 4102 principales
729 4011 959 4102 distinguitur,
982 4003 1108 4080 001110οῑ

339 4119 438 4210 ignis
457 4119 554 4200 acris,
576 4126 670 4186 terrae
701 4125 733 4186 et
753 4141 861 4210 aquae.
887 4117 1003 4208 Spaera
1018 4119 1107 4210 ignis

339 4227 402 4294 tria
416 4225 518 4294 habet
533 4227 720 4304 interstitia,
743 4227 870 4310 scilicet
893 4249 1103 4316 supremum,

340 4335 429 4426 quod
449 4345 591 4402 voratur
609 4337 761 4426 igneum,
779 4343 811 4402 et
826 4335 989 4420 medium,
1007 4357 1044 4402 ac
1057 4337 1107 4402 in-

338 4443 471 4528 fimum,
489 4441 579 4530 quod
597 4449 738 4510 vocatur
758 4443 960 4534 olympium.
984 4441 1107 4510 Simili-

338 4555 390 4616 ter
409 4571 465 4616 aer
488 4549 550 4616 tria
573 4547 675 4614 habet
695 4549 884 4626 interstitia,
908 4549 1033 4618 scilicet
1048 4571 1107 4616 su-

336 4671 507 4748 premum,
543 4657 634 4746 quod
665 4665 807 4724 vocatur
842 4657 1039 4738 aethereum,
1074 4663 1107 4726 et

339 4767 557 4848 mediamna
586 4765 754 4846 infimum,
778 4765 870 4856 quod
893 4773 1034 4834 vocatur
1055 4789 1107 4834 ae-

340 4899 447 4960 reum,
479 4885 511 4942 et
539 4879 573 4942 in
605 4897 762 4966 supremo
784 4885 833 4942 est
857 4877 959 4960 calor,
986 4885 1018 4944 et
1049 4875 1107 4944 lux

339 4995 477 5074 propter
500 4985 580 5052 solis
608 4985 910 5074 propinquitatem.
944 4983 1108 5054 Similiter

341 5101 389 5160 est
401 5101 432 5162 et
446 5095 481 5160 iu
497 5095 628 5174 infimo,
646 5095 771 5162 scilicet
780 5101 918 5182 propter
932 5095 1106 5162 radiorum

339 5203 629 5294 repercussionem
645 5227 664 5272 a
683 5213 782 5272 terra.
805 5201 844 5268 10
863 5203 1107 5272 medicantem

339 5313 531 5392 interstitio,
549 5313 591 5380 ad
607 5313 698 5404 quod
713 5335 782 5380 non
797 5319 908 5404 potest
918 5315 1107 5404 pertingere

340 5425 548 5512 repercussio
578 5423 761 5500 radiorum,
797 5431 851 5488 est
884 5421 1050 5512 frigiditas
1074 5427 1107 5490 et

343 5529 541 5608 obscuritas,
564 5537 596 5596 et
619 5529 667 5598 ibi
690 5529 848 5596 dicuntur
862 5529 1016 5598 habitare
1037 5529 1107 5596 110-

342 5661 474 5718 moues,
496 5641 553 5730 qui
580 5639 706 5708 detrusi
729 5647 807 5708 suut
830 5639 974 5708 inbono
995 5661 1106 5708 aerem

381 5873 389 5910 ¹
406 5871 446 5930 Gi.
461 5873 536 5932 Psal.
552 5889 625 5948 xuu,
640 5875 694 5932 1101
709 5877 734 5932 t.

1157 665 1389 754 caliginosum.
1411 665 1458 730 lbi
1473 665 1573 730 etiam
1589 665 1676 730 fiunt
1692 673 1921 754 tempestates

1157 775 1318 850 tonitrua,
1334 773 1475 862 grande,
1493 775 1587 838 nives
1609 781 1641 840 01
1660 763 1795 840 similia.

1200 879 1250 944 Er
1265 861 1317 944 liis
1340 879 1459 970 colliga
1484 887 1615 972 septem
1637 879 1734 946 orbes
1749 887 1873 946 terram
1892 889 1922 946 et

1158 1005 1280 1074 aquarn
1304 987 1501 1066 ambientes,
1542 989 1599 1076 qui
1634 1009 1751 1054 omnes
1781 995 1923 1076 possunt

1157 1097 1270 1162 vocari
1294 1095 1379 1162 roeli.
1404 1095 1490 1162 Istos
1514 1105 1626 1162 autem
1652 1095 1782 1162 excellit
1800 1097 1921 1162 emtum
1966 1155 2059 1212 oratum

1156 1201 1338 1280 Trinitatis,
1356 1205 1427 1292 ipse
1442 1203 1545 1282 Deus,
1569 1205 1628 1292 qui
1643 1209 1691 1270 est
1710 1203 1746 1266 in
1765 1201 1922 1274 omnibus
1937 1193 2065 1280 Trinasos,

1158 1315 1190 1376 et
1205 1333 1308 1398 super
1327 1331 1444 1374 ornnes
1464 1309 1487 1376 ¹.

1201 1417 1366 1480 Distentis
1382 1417 1549 1484 dictorum
1574 1417 1706 1482 orbium
1724 1423 1755 1484 et
1774 1415 1922 1504 plancta·
1959 1443 2071 1502 nisano,

1157 1545 1233 1588 rum
1256 1521 1327 1588 haec
1352 1531 1413 1600 est,
1441 1545 1459 1588 a
1484 1531 1571 1590 terra
1590 1545 1697 1612 usque
1723 1523 1920 1590 ad'Lunam
1952 1507 2072 1634 fflffia}

1157 1637 1236 1698 sunt
1252 1627 1427 1696 milliaria:
1444 1627 1636 1720 quindecim
1650 1625 1755 1694 millia
1767 1635 1923 1696 sexcenta
1985 1645 2050 1684 rom.

1156 1741 1276 1830 viginti
1293 1741 1440 1828 quinque
1457 1739 1542 1826 (haec
1561 1745 1641 1804 sunt
1664 1737 1770 1804 stadia
1785 1737 1876 1804 mille
1893 1743 1926 1804 et

1158 1847 1301 1912 ducenta
1329 1845 1537 1934 sexagintat:
1569 1867 1589 1910 a
1622 1843 1716 1910 Luna
1748 1867 1854 1936 usque
1884 1843 1926 1912 ad

1158 1955 1362 2022 Mercurium
1382 1961 1461 2020 sunt
1483 1953 1641 2020 milliaria
1666 1961 1793 2044 septem
1820 1953 1928 2020 millia

1158 2071 1317 2158 sexcenta
1342 2063 1518 2142 duodecim
1544 2071 1576 2130 01
1607 2065 1766 2130 semisse:
1793 2087 1811 2130 a
1844 2063 1929 2130 ller-

1157 2175 1249 2240 011110
1271 2173 1435 2262 usquead
1458 2173 1628 2242 Venerem
1649 2173 1887 2242 tantumdem:
1910 2197 1941 2242 a⁴

1157 2281 1290 2350 Venere
1311 2281 1468 2372 usquead
1483 2281 1599 2350 Solem
1616 2291 1694 2348 sunt
1707 2283 1828 2372 viginti
1849 2305 1929 2374 qua-

1158 2397 1235 2456 tuor
1255 2389 1362 2456 millia
1379 2389 1628 2478 quadringenta
1643 2391 1782 2480 triginta
1801 2393 1866 2456 tria
1885 2413 1891 2456 :
1910 2413 1929 2456 a

1161 2497 1241 2564 Sole
1274 2521 1381 2586 usque
1407 2497 1449 2562 ud
1480 2497 1623 2564 blartem
1661 2509 1740 2564 sunt
1772 2499 1929 2564 milliaria

1160 2605 1352 2696 quindecim
1372 2605 1478 2670 millia
1506 2611 1664 2674 sexcenta
1687 2605 1808 2696 viginti
1829 2607 1929 2696 quin-

1160 2737 1246 2804 que:
1262 2735 1281 2780 a
1297 2713 1402 2780 llarte
1418 2737 1525 2802 usquc
1541 2713 1584 2780 ad
1604 2713 1726 2780 Jovem
1743 2737 1803 2780 sex
1826 2713 1932 2778 millia

1160 2823 1355 2912 octingenta
1379 2821 1578 2910 duodecim:
1603 2845 1622 2888 a
1649 2821 1734 2890 Jove
1755 2845 1862 2910 usquc
1889 2821 1932 2888 ad

1162 2929 1347 2996 Saturnum
1370 2931 1604 2998 tantumdem:
1624 2953 1643 2996 a
1660 2929 1806 2998 Saturno
1824 2953 1929 3020 usquc

1161 3039 1203 3106 ad
1231 3041 1482 3106 drnrameutum
1511 3041 1633 3130 viginti
1659 3047 1804 3130 quatuor
1825 3037 1929 3106 millia

1161 3149 1407 3238 quadringenta
1427 3151 1547 3240 viginti
1568 3149 1649 3214 duc.

1202 3257 1254 3322 Ex
1274 3255 1325 3322 bis
1350 3257 1530 3348 colligitur,
1558 3257 1650 3346 quod
1675 3263 1798 3324 aterra
1822 3279 1930 3348 usquc

1161 3363 1202 3430 ad
1227 3365 1349 3432 coelurn
1375 3365 1548 3432 stellarum
1571 3371 1652 3434 sunt
1673 3363 1831 3430 milliaria
1851 3387 1929 3432 oen·

1159 3479 1232 3540 tum
1262 3481 1294 3538 et
1318 3479 1392 3538 octo
1426 3472 1533 3540 millia
1557 3481 1731 3562 nongenta
1763 3473 1929 3566 quinqua-

1160 3583 1252 3670 ginta
1268 3587 1425 3670 quatuor.

1437 4127 1583 4198 aanor
1599 4127 1658 4196 rr.

1163 4351 1209 4416 Dc
1238 4359 1364 4418 tratura
1385 4349 1547 4416 coelorom
1572 4359 1604 4416 01
1622 4351 1837 4438 superiorum
1857 4373 1933 4418 cor-

1472 4477 1609 4546 porum.
1699 4539 1702 4544 1

1204 4775 1335 4844 Coelum
1352 4781 1400 4844 est
1419 4797 1541 4866 corpus
1559 4797 1695 4864 purum,
1717 4775 1929 4852 naturasim·
1971 4833 2066 4884 ooetuu

1158 4885 1393 4974 plicissimum,
1418 4884 1930 4968 essentia,subtilissimumin-
1970 4893 2061 4960 ¹quior

1160 4991 1437 5084 corruptibilitate
1457 4993 1715 5076 solidissimum,
1742 4995 1929 5084 quantitate

1160 5101 1360 5182 maximum,
1407 5101 1568 5192 qualitate
1598 5101 1763 5182 lucidum,
1793 5101 1933 5192 diopha-

1159 5213 1281 5278 naitate
1323 5211 1554 5302 perspicuum,
1601 5211 1743 5278 materia
1787 5211 1932 5300 purissi-

1160 5345 1266 5404 mum,
1314 5321 1424 5412 figura
1465 5321 1681 5412 sphaericum,
1732 5323 1798 5390 situ
1831 5321 1933 5390 locali

1158 5455 1369 5522 supremum,
1428 5433 1654 5522 amplitudine
1702 5439 1943 5500 creaturarum

1159 5540 1302 5608 aliarum
1332 5543 1368 5606 in
1400 5563 1435 5608 sc
1465 5537 1822 5608 contentivumplstae
1855 5563 1932 5628 pro·

1157 5649 1319 5738 prietates
1334 5653 1404 5714 tarn
1424 5647 1508 5714 coelo
1529 5647 1737 5714 conueniunt
1756 5667 1929 5734 empyreo,
