4250 6376
749 555 790 620 D.
817 553 916 650 ALB.
943 551 1049 618 alas.
1076 549 1179 616 ORD.
1205 545 1354 614 PRAED.

824 1173 1121 1334 LIBER
1181 1171 1281 1334 ll.

630 1607 710 1700 Da
758 1603 1064 1700 OPEltlBUS
1110 1595 1497 1694 COan'loms

1090 2119 1184 2164 num.
1207 2097 1273 2162 Alii
1289 2095 1442 2162 dicebant
1467 2095 1632 2162 mundum
1658 2097 1796 2186 quidem
1812 2097 1857 2162 la-

1090 2213 1190 2282 ctum,
1205 2195 1263 2272 sed
1278 2203 1437 2270 habuisse
1454 2201 1628 2270 materiale
1639 2203 1857 2292 principium,

1090 2321 1123 2380 et
1137 2335 1206 2378 non
1218 2333 1293 2392 esse
1310 2311 1350 2378 de
1366 2311 1485 2376 nihilo.
1503 2309 1570 2374 dlii
1582 2309 1737 2376 dicebant
1749 2309 1858 2376 Deum

1091 2423 1280 2512 superiores
1303 2429 1470 2486 creaturas
1499 2443 1558 2510 per
1583 2443 1617 2486 se
1641 2421 1856 2510 produxisse,

1091 2531 1149 2598 sed
1175 2531 1350 2596 inferiores
1374 2551 1434 2618 per
1467 2529 1692 2594 ministerium
1712 2527 1861 2618 Angelo-

1091 2651 1177 2706 rum.
1195 2639 1263 2704 Alii
1288 2637 1460 2728 ponebant
1484 2635 1548 2702 duo
1571 2637 1749 2726 principie,
1775 2637 1860 2704 sicut

1091 2747 1279 2828 lilanicheei,
1298 2769 1404 2810 unum
1421 2743 1545 2810 scilicet
1562 2765 1693 2810 summe
1716 2741 1858 2824 bouum,

1092 2867 1124 2924 et
1143 2854 1233 2922 aliud
1253 2877 1393 2922 ,summe
1419 2853 1558 2930 malum,
1586 2853 1731 2918 dicentes
1747 2853 1861 2920 incor-

1092 2963 1261 3056 ruptibilia
1277 2987 1377 3032 essee
1392 2963 1481 3030 bone
1496 2963 1674 3052 principie,
1697 2963 1860 3050 corrupti-

118 3139 232 3194 nfuuxio
316 3071 465 3140 Summae
487 3075 644 3142 bonitatis
668 3077 791 3167 triplex
815 3085 864 3144 est
884 3077 1033 3158 effluxio,
1091 3075 1172 3142 bilia
1188 3097 1206 3140 a
1221 3073 1322 3140 malo.
1338 3071 1410 3140 Hos
1431 3095 1549 3140 orienes
1565 3095 1695 3138 errores
1716 3071 1862 3138 excludit

112 3187 240 3256 honitatis
270 3179 394 3248 scilicet
421 3205 481 3272 per
511 3187 775 3274 generationem,
802 3209 861 3274 per
885 3187 1038 3276 spiratio-
1092 3185 1238 3274 Moyses,
1264 3185 1524 3272 primumcum
1550 3179 1653 3248 dicit:
1672 3183 1863 3270 [inprinci-

120 3281 231 3396 {lfflff
271 3311 360 3368 nem,
392 3299 423 3356 ct
451 3313 512 3380 per
539 3293 756 3360 creationem.
793 3293 876 3360 Dum
908 3297 1037 3384 priores
1088 3297 1176 3386 pio:
1197 3293 1395 3376 secuudum,
1428 3291 1485 3374 ibi,
1515 3293 1650 3358 Creonti
1670 3315 1681 3358 .·
1710 3293 1858 3366 tertium,

272 3399 501 3464 emanationes
518 3407 595 3464 sunt
616 3399 655 3464 ab
673 3407 810 3478 aciemn,
831 3407 929 3470 tertia
944 3405 1037 3470 estin
1094 3401 1227 3494 quando
1253 3401 1357 3468 dicit:
1376 3403 1493 3468 Deua:
1515 3389 1787 3488 quartum‚scum
1807 3421 1862 3466 se·

269 3513 435 3596 tempore,
454 3507 493 3574 de
511 3529 576 3596 qua
595 3531 684 3576 nuuc
700 3517 750 3576 est
765 3509 945 3600 agendum.
1094 3515 1207 3602 quitur
1225 3535 1231 3580 :
1252 3511 1383 3580 Calene
1400 3521 1571 3578 alternum
1588 3511 1609 3578 1.
1774 3515 1775 3518 ’

95 3665 201 3726 (ΜΝ,
214 3677 255 3726 aa.
314 3613 405 3680 lnter
424 3639 546 3692 creare,
575 3641 734 3706 generare
761 3625 795 3684 et
818 3619 924 3686 lacere
945 3619 1037 3688 dille·
1136 3623 1332 3688 Tenendum
1348 3629 1398 3686 est
1413 3621 1527 3698 etiam,
1542 3619 1734 3708 qucdDeus
1748 3621 1862 3686 omnia

94 3741 198 3782 necare.
219 3725 466 3792 fri-rentiaest:
500 3727 577 3814 quia
603 3749 654 3794 res
689 3727 729 3794 de
758 3727 865 3794 nihilo
901 3729 968 3794 exit
1001 3731 1037 3796 in
1093 3731 1371 3806 simulamentis,
1393 3727 1616 3818 necaliquum
1643 3749 1861 3816 novamspe·

63 3875 64 3878 =
94 3789 240 3908 clibelii
271 3853 342 3898 esse
365 3855 426 3920 per
449 3835 662 3918 creationem,
690 3835 829 3902 sederit
850 3837 883 3902 in
909 3837 1035 3902 essedo
1063 3851 1065 3858 “
1092 3841 1177 3904 ciem
1208 3837 1425 3926 postmodum
1461 3835 1599 3912 addidit,
1637 3857 1739 3926 quam
1768 3837 1861 3924 prius

1092 3967 1160 4010 non
1180 3945 1303 4022 lecerit,
1335 3943 1388 4010 vel
1405 3945 1438 4008 in
1464 3965 1510 4024 se,
1534 3943 1590 4008 vel
1606 3947 1640 4009 in
1664 3965 1724 4008 suo
1745 3940 1858 4022 simili,

58 3957 59 3962 ’
95 3917 382 4032 qu⁰s¹³⁰d⁰laliquo
411 3961 471 4030 per
492 3945 711 4034 sectionem:
743 3945 819 4034 quin
849 3945 955 4012 lacere
986 3953 1045 4026 est,

1091 4061 1127 4118 ut
1151 4051 1329 4118 huminum
1354 4051 1497 4128 animas,
1522 4049 1578 4116 uel
1602 4049 1636 4114 iu
1665 4051 1796 4114 ratione
1811 4073 1860 4114 sc-

268 4049 399 4138 operari
424 4049 465 4116 de
489 4049 596 4118 aliena
617 4055 756 4118 materia
779 4075 798 4116 t.
813 4053 872 4120 sed
898 4055 937 4118 de
953 4055 1035 4120 sub-

268 4159 389 4226 stantia
409 4159 477 4226 exit
492 4161 526 4226 in
539 4183 610 4228 esse
627 4183 684 4250 per
702 4163 966 4250 per-aerumnam.
1092 4159 1220 4240 asinali,
1243 4159 1328 4224 sicut
1347 4165 1440 4246 patet
1460 4157 1493 4222 in
1511 4157 1561 4224 his
1574 4179 1647 4248 qum
1663 4155 1860 4222 naturaliter

1090 4269 1348 4336 introducuntur
1372 4269 1407 4332 iu
1430 4289 1527 4334 esse:
1553 4275 1584 4332 et
1604 4267 1668 4332 boc
1697 4265 1858 4356 estquod

552 2539 696 2606 uAPUT
720 2541 747 2608 Ι.

419 2759 468 2822 De
485 2757 561 2846 ipso
576 2779 689 2822 ceriam
704 2759 881 2824 erectione.

311 4265 402 4332 Deus
422 4273 471 4334 est
494 4289 604 4334 rerum
628 4267 750 4358 triplex
775 4289 887 4352 causa,
911 4271 1034 4340 scilicet

268 4373 426 4450 efficiens,
449 4373 661 4466 exemplaris,
681 4385 712 4444 et
728 4377 849 4460 finalis,
872 4379 929 4444 sed
942 4381 1033 4448 nullo

269 4481 371 4550 modo
401 4485 593 4550 materialis.
625 4485 714 4552 luter
749 4489 879 4574 operari
906 4487 965 4554 nei
1004 4499 1035 4556 et

269 4599 430 4658 creaturae
453 4591 642 4670 differentia
662 4603 723 4676 est,
749 4595 828 4684 quia
851 4595 941 4664 Deus
958 4621 1036 4688 ope-

1090 4379 1210 4446 dicltur
1223 4377 1332 4442 Deum
1344 4377 1397 4442 die
1413 4375 1554 4464 septima
1571 4375 1740 4464 quievisse
1754 4375 1776 4452 ³,
1790 4397 1859 4440 non

1091 4489 1227 4580 quidem
1243 4511 1262 4554 a
1280 4487 1408 4566 labore,
1430 4487 1484 4554 vel
1502 4487 1541 4552 ab
1571 4507 1683 4574 opere,
1700 4483 1757 4550 scd
1774 4487 1860 4550 sicut

1090 4595 1218 4662 dictum
1238 4601 1298 4670 est,
1318 4613 1335 4658 a
1352 4613 1518 4658 novarum
1535 4593 1722 4680 specierum
1740 4589 1859 4656 condi-

1089 4703 1191 4770 tione,

1134 4821 1182 4888 lle
1208 4821 1365 4912 operibus
1394 4841 1473 4886 uero
1502 4841 1560 4886 sex
1589 4817 1717 4884 dierum
1745 4815 2033 4894 dieuntomuuuo·

1091 4931 1239 5018 quidam,
1259 4951 1445 5018 numquam
1463 4931 1496 4994 in
1517 4927 1581 4994 illis
1598 4925 1718 4992 dehere
1739 4925 1859 4992 intelli·
1874 4891 2033 5008 ligiis&

1090 5039 1121 5128 gi
1150 5039 1301 5106 ordinem
1329 5039 1503 5126 temporis,
1532 5035 1590 5102 sed
1615 5043 1757 5114 naturae,
1781 5035 1859 5124 quia
1875 5011 2033 5076 quomodo?

1091 5147 1206 5230 dicunt
1220 5147 1335 5212 omnia
1350 5145 1451 5210 simul
1465 5155 1618 5234 tempore
1629 5143 1731 5210 luisse
1759 5141 1857 5226 facta,

1091 5263 1202 5322 creata
1221 5261 1252 5322 et
1277 5254 1449 5344 dispositu,
1475 5275 1515 5318 ac
1540 5255 1575 5320 in
1590 5253 1659 5318 suis
1684 5249 1859 5340 speciebus
1922 5271 1923 5274 ’

1091 5367 1257 5432 distincta.
1276 5365 1341 5430 Alii
1359 5365 1474 5432 dicunt
1496 5363 1611 5430 omnia
1627 5361 1728 5428 simul
1748 5367 1859 5428 creatu

1090 5473 1124 5536 in
1146 5471 1296 5546 matoria,
1316 5469 1372 5536 sed
1387 5493 1455 5536 non
1470 5467 1579 5536 intuli
1598 5469 1707 5534 forma
1723 5467 1810 5534 sicut
1825 5465 1859 5530 in

1090 5579 1208 5646 diebus
1241 5579 1460 5670 sequentibus
1486 5585 1696 5666 receperunt,
1727 5581 1759 5642 et
1788 5573 1858 5642 lucc

269 4709 360 4770 ratur
375 4703 409 4768 in
424 4703 572 4784 instanti,
590 4703 741 4796 Angelus
755 4713 867 4772 auteur
884 4717 1031 4796 repente,

269 4809 327 4876 sed
342 4817 462 4876 natura
474 4811 649 4898 paulatim.
673 4811 787 4878 Prima
812 4837 924 4880 rerum
940 4817 1036 4904 priu-

269 4917 354 5006 cipia
374 4925 485 4984 sunta
514 4919 597 5000 Deo,
617 4927 648 4986 et
677 4919 882 5002 immediate,
911 4923 1035 4990 scilicet

269 5025 408 5090 materia
437 5033 468 5090 et
493 5025 624 5094 lomna:
653 5027 789 5094 ollactus
815 5051 895 5096 uero
921 5053 1035 5096 conse-

270 5141 410 5224 quenter
438 5135 579 5202 suntab
604 5137 675 5226 ipso
706 5135 872 5206 mediante
902 5147 1032 5222 natura,

269 5243 353 5310 nihil
376 5253 487 5312 autem
516 5255 566 5314 cst
599 5271 617 5312 a
645 5249 716 5314 Deo
741 5249 933 5318 immediate
963 5261 1035 5318 tan·

269 5357 351 5420 tum.
946 5361 947 5364 ’

121 5487 231 5538 Em,
314 5457 407 5526 Circa
424 5461 540 5528 mundi
560 5465 762 5530 creationem
783 5471 1035 5552 quatuorerant

92 5563 253 5664 ffimfflffi
269 5555 409 5636 errores.
429 5567 573 5648 Quidum
586 5569 741 5640 dicebant
759 5573 925 5638 muudum
941 5563 1034 5642 aeter·

140 5687 213 5726 nem.

302 5835 312 5870 ¹
328 5835 431 5890 Genes.
444 5851 463 5902 1,
482 5837 506 5888 l.
524 5835 564 5890 Cf.
581 5835 669 5890 Eccli.
686 5843 705 5904 ε’,
722 5837 747 5892 8.
1088 5841 1182 5894 ornuiu
1196 5837 1288 5894 simul.

302 5927 504 5994 ²Ecclisr1n,
524 5927 554 5982 l:
572 5927 624 5990 Qui
638 5927 707 5982 uiuit
723 5931 750 5982 in
771 5935 903 5984 aeternum
930 5931 1031 5984 creauit
1124 5931 1185 5984 ³Cl.
1205 5931 1306 5984 Genes.
1320 5931 1350 5994 n,
1368 5933 1394 5984 Ξ.
