4258 6376
313 419 366 534 ra
797 467 837 534 o.
864 469 962 536 ann.
991 469 1098 536 rrae.
1126 469 1226 534 ono.
1254 469 1399 538 ramo.

314 667 374 734 per
403 643 579 710 rationem.
609 643 775 710 Discernit
809 643 909 709 simul
939 651 971 710 et
991 645 1084 734 eligit

307 775 377 840 ¹per
392 751 534 818 liberum
551 749 737 818 arbitrium.
762 751 935 818 Consentit
950 775 1008 844 per
1023 775 1083 820 vo-

317 859 492 934 luntatem,
515 859 642 924 invenit
657 859 804 926 medinm
820 883 879 948 per
894 861 1081 950 ingenium,

257 983 258 986 ’
317 967 467 1034 stimulat
488 965 528 1030 ad
544 965 672 1032 bonnm
687 991 747 1056 per
762 967 970 1058 synderesin.

360 1073 486 1138 Anima
505 1079 615 1138 autem
640 1075 674 1140 in
693 1073 822 1140 actibus
843 1075 912 1140 suis
929 1075 1083 1142 ordinem

317 1183 442 1248 habet:
460 1203 538 1246 uam
556 1181 645 1270 quod
665 1183 945 1270 seususpercipit,
964 1183 1083 1274 imagi-

317 1293 407 1362 natio
428 1297 654 1380 repraesentat,
672 1293 819 1384 cognitio
835 1293 969 1376 format,
992 1297 1083 1384 inge-

316 1401 411 1468 nium
427 1399 616 1490 investigat,
643 1403 728 1470 ratio
751 1401 891 1488 judicat,
918 1405 1083 1470 memoria

317 1515 438 1590 servat,
465 1507 684 1598 intelligentia
713 1507 945 1598 apprehendit,
982 1517 1014 1580 et
1041 1513 1083 1580 ad

284 1649 285 1652 ¹
315 1617 634 1706 contemplationem
656 1617 799 1688 adducit.

359 1725 482 1792 Anima
510 1735 672 1814 praeterea
704 1729 876 1816 cognoscit
914 1749 966 1794 res
995 1751 1079 1820 pra·

242 1837 245 1846 ’
315 1841 425 1902 sentes
453 1855 513 1924 per
538 1855 687 1912 sensnm,
725 1835 878 1902 absentes
910 1859 991 1902 vero
1022 1859 1081 1926 per

314 1945 604 2034 imaginationem,
632 1967 684 2012 res
710 1951 821 2014 autem
842 1945 1081 2014 immateriales

314 2077 375 2142 per
388 2053 599 2144 praesentiam
617 2055 668 2118 sui
679 2055 713 2118 in
728 2053 918 2144 semetipsa,
938 2077 976 2122 ac
991 2055 1082 2146 seip-

1181 643 1304 708 Auima
1320 657 1455 734 quoque
1472 645 1548 712 licet
1565 645 1607 712 sit
1622 643 1778 734 simplex,
1792 651 1907 710 tamen

1138 751 1322 816 secundnm
1340 751 1497 818 Boetium
1510 751 1621 818 differt
1636 753 1669 816 in
1687 775 1725 816 eo
1743 751 1905 838 quodest,

1137 865 1169 924 et
1187 881 1252 946 quo
1265 867 1314 926 est
1331 883 1337 924 ε
1356 861 1440 924 sicut
1457 859 1651 946 etAugelus
1664 867 1695 924 θῖ
1707 881 1806 924 omne
1818 857 1909 946 qnod

1138 973 1186 1034 θεῖ
1201 979 1371 1036 creatum:
1394 991 1467 1058 quae
1484 971 1599 1036 omma
1616 969 1774 1036 dillernnt
1792 991 1909 1036 secun·

1138 1077 1218 1144 dnm
1240 1081 1403 1146 rationem
1416 1079 1627 1168 particularis
1643 1087 1675 1146 et
1691 1077 1903 1146 universalis

1397 1615 1542 1684 CAPUT
1567 1615 1638 1688 LV.

1279 1835 1329 1900 De
1348 1833 1610 1900 immortalitate
1625 1835 1761 1902 animae.

1178 2153 1337 2218 Animam
1364 2175 1435 2220 esse
1469 2153 1758 2220 immortalitatem
1787 2161 1904 2222 aucto·
1919 2183 2042 2240 enimait

316 2183 387 2230 sam
406 2183 466 2248 per
485 2161 702 2226 reflexionem
719 2163 771 2228 sui
786 2185 887 2250 snpra
908 2185 954 2230 se.

361 2269 469 2336 Habet
489 2267 588 2334 etiam
614 2269 696 2336 alios
727 2277 819 2336 actas
845 2271 956 2336 anime
975 2271 1081 2362 perti·
1135 2261 1232 2326 ritate
1253 2261 1439 2326 <assentitur
1454 2269 1485 2326 et
1505 2263 1647 2326 ratione.
1920 2255 2043 2378 ᾞξξξξζζζῗ

317 2387 432 2446 nentes
449 2377 489 2442 ed
511 2401 644 2466 corpus,
673 2377 757 2444 sicnt
778 2385 827 2446 est
846 2388 1002 2470 vegetare
1022 2405 1083 2470 per
1179 2371 1410 2436 Diciturenim
1428 2371 1461 2436 in
1479 2371 1563 2436 libro
1581 2369 1772 2458 Sapientiae,
1791 2375 1902 2456 m,l:
1988 2455 1990 2460 Δ
2041 2419 2043 2480 3

315 2489 472 2554 virtutem
494 2485 691 2570 naturalem,
710 2491 832 2555 sentire
847 2511 907 2576 per
921 2491 1080 2556 virtutem
1133 2481 1309 2546 „laetorum
1334 2479 1456 2544 aratore
1481 2481 1516 2544 in
1538 2503 1643 2546 mortu
1673 2483 1731 2548 Dei
1754 2491 1847 2566 aurit,
1876 2491 1906 2548 et

317 2593 510 2672 animalem,
533 2597 750 2662 etuivilicare
771 2619 830 2686 per
852 2599 1012 2664 virtutem
1028 2599 1082 2664 vi-
1134 2611 1199 2656 non
1229 2597 1343 2674 tanget
1372 2587 1452 2654 illos
1482 2599 1686 2656 tormentant
1718 2593 1847 2658 mortio.
1865 2591 1906 2656 Et

316 2701 428 2784 talem,
446 2701 624 2792 dequibus
645 2705 801 2770 omnibns
818 2705 942 2772 dictum
959 2713 1007 2772 est
1022 2731 1081 2774 su·
1134 2699 1232 2778 inita,
1253 2705 1284 2772 t·
1304 2697 1322 2760 A
1345 2699 1453 2786 tSpc’S
1474 2697 1617 2764 illorum
1644 2699 1908 2764 immortalitate

315 2831 387 2902 pra.
1051 2869 1053 2872 ,
1130 2805 1236 2894 pleno
1260 2811 1318 2870 est.
1345 2802 1442 2886 Item,
1471 2805 1504 2870 in
1528 2803 1746 2896 Apocalypsi,
1778 2829 1823 2884 rx,
1856 2809 1905 2872 c:

530 3387 532 3390 -
570 3341 714 3408 CAPUT
737 3341 824 3410 LlV.

497 3559 547 3626 De
561 3559 750 3650 querititnte
770 3561 903 3628 animae.

145 3909 306 3982 sareanen
367 3889 492 3958 Anima
520 3911 596 3954 cnm
626 3889 667 3954 sit
694 3883 849 3976 simplas,
885 3911 955 3954 non
988 3887 1089 3954 habet

145 3975 308 4098 {Zissssriftsst
324 4001 544 4094 quantitatem
557 3997 789 4080 dimensivam,
813 3997 870 4064 sed
885 3997 1084 4064 virtualem:

146 4101 306 4224 ξῗῑὲὓωξξὲὲζ
323 4109 411 4176 unde
422 4113 522 4198 patet,
542 4105 630 4194 quod
644 4105 756 4172 anima
772 4105 955 4170 secuudum
973 4127 1089 4172 essen-

200 4225 255 4276 do?
322 4221 402 4288 tiam
419 4239 487 4282 non
503 4223 552 4282 est
565 4217 597 4282 in
612 4221 683 4282 toto
701 4237 853 4306 corpore,
872 4215 930 4282 sed
947 4217 980 4280 in
995 4221 1088 4304 parte

323 4325 472 4414 corporis
502 4323 734 4400 determinata,
766 4329 797 4390 et
827 4321 903 4388 inde
928 4323 1086 4390 virtutem

322 4433 433 4500 influit
464 4433 527 4498 toti
570 4431 714 4518 corpori.
749 4429 791 4496 Et
824 4429 865 4498 ad
898 4429 963 4498 hoc
994 4433 1090 4520 ponit

323 4539 513 4610 Chalcidice
529 4539 720 4628 exemplum
741 4539 781 4606 de
806 4561 939 4614 aranea,
959 4563 1033 4630 qnae
1055 4543 1089 4606 in

323 4647 520 4718 mediotelaa
538 4671 605 4714 suae
620 4647 780 4732 residens,
794 4651 894 4716 sentit
905 4649 1089 4736 quemlibet

323 4765 455 4826 motum
471 4759 540 4824 sive
561 4759 699 4824 interius
719 4759 789 4824 sive
812 4761 958 4826 exterius
974 4759 1008 4824 in
1024 4759 1089 4828 tela

323 4873 459 4938 lactum.

159 5015 295 5066 Animata
369 4981 495 5048 Eodem
518 4981 618 5046 modo
642 4981 754 5046 anima
777 4981 812 5044 in
838 4987 950 5046 centro
981 4981 1089 5046 cordis

178 5083 278 5194 elffii}
323 5089 444 5176 posita,
462 5089 532 5154 sine
553 5087 603 5152 sui
620 5087 822 5152 distensione
839 5093 948 5152 totum
968 5109 1090 5176 corpus

323 5197 387 5262 sibi
416 5197 550 5260 unitum
583 5195 763 5274 sensificat,
801 5197 963 5276 viviticat,
991 5203 1090 5284 atque

323 5309 449 5372 movet.
467 5305 536 5370 Nec
556 5311 671 5370 eontra
697 5303 945 5392 simplicitatem
970 5305 1090 5372 animae

323 5419 382 5490 est,
402 5413 493 5502 qnod
512 5419 578 5478 tres
599 5411 756 5478 dicuntur
780 5435 850 5478 esse
874 5413 1007 5490 animae,
1026 5415 1092 5480 sci-

322 5521 399 5590 licet
413 5519 621 5610 vegetabilis,
649 5521 828 5598 sensibilis,
855 5527 888 5588 et
904 5521 1087 5606 rationalia,

322 5631 416 5720 cujus
432 5629 651 5718 intelligentia
675 5629 829 5718 superius
849 5637 898 5696 est
918 5653 1086 5720 expressa.

361 5861 369 5896 ¹
387 5861 427 5914 Ct.
444 5859 519 5914 Psal.
537 5877 583 5926 xx,
602 5863 631 5914 to
650 5865 675 5914 et
694 5861 741 5932 tt,
758 5863 838 5916 toan.
855 5881 881 5930 r,
897 5861 941 5916 29.

1138 2915 1293 2996 chaerent
1316 2911 1467 2978 bominac
1483 2921 1637 2992 mortem,
1667 2923 1697 2980 et
1721 2937 1788 2980 non
1814 2917 1909 2980 irece-

1135 3021 1227 3088 nient
1252 3043 1337 3086 eom.
1363 3019 1447 3088 Item
1479 3019 1663 3110 Gregorius
1688 3019 1841 3112 loquitur
1870 3021 1909 3088 de

1135 3127 1233 3210 nialis
1248 3127 1397 3194 interni:
1427 3151 1443 3192 r<
1470 3127 1520 3196 Ibi
1541 3151 1632 3194 orons
1658 3131 1911 3220 semper'vivit,

1139 3265 1154 3304 ε
1173 3237 1248 3304 finis
1264 3259 1396 3328 semper
1411 3237 1540 3328 incipit,
1559 3245 1588 3304 et
1606 3237 1752 3304 defectus
1769 3241 1911 3308 delicere

1139 3373 1155 3412 «
1181 3347 1296 3414 nescit.
1329 3369 1344 3410 >i
1381 3345 1478 3428 Item,
1515 3345 1613 3414 loon.
1645 3371 1692 3430 vr,
1724 3349 1766 3416 tt
1802 3369 1809 3414 :
1844 3349 1912 3432 Qui

1137 3455 1322 3530 munducat
1343 3477 1452 3520 meam
1473 3477 1620 3536 carnem,
1643 3463 1674 3520 et
1695 3447 1779 3522 ttttt
1798 3479 1912 3524 meum

1136 3567 1350 3656 coaequarem,
1368 3563 1468 3630 babet
1487 3565 1593 3630 eitam
1611 3575 1794 3632 aeternnm..

1183 3675 1281 3756 Item,
1310 3697 1371 3764 per
1399 3675 1557 3742 rationes.
1580 3673 1696 3742 Prima
1725 3675 1800 3742 talis
1826 3685 1875 3744 ast
1901 3697 1913 3742 a

1142 3781 1260 3850 Omnis
1277 3783 1445 3872 corruptio
1472 3805 1512 3848 ex
1538 3785 1773 3852 contrarietate
1793 3807 1913 3852 causa·

1140 3901 1223 3958 tur:
1254 3891 1338 3958 nihil
1367 3901 1479 3958 autem
1508 3899 1558 3958 est
1591 3895 1681 3982 quod
1716 3895 1911 3962 substantie

1142 4003 1263 4068 animae
1309 4001 1542 4068 contrarietur.
1579 4001 1757 4088 Praeterea,
1799 4005 1912 4072 anima

1142 4131 1247 4200 capax
1277 4117 1326 4174 θεῖ
1350 4109 1578 4178 beatitudinis.
1610 4111 1700 4178 Deus
1727 4119 1839 4212 antem
1865 4099 2040 4244 (uttffffi

1142 4219 1188 4286 ait
1203 4217 1425 4308 Augustinus)
1446 4219 1573 4308 ingenti
1590 4219 1786 4288 liberalitate
1807 4219 1912 4310 replet
1967 4235 2040 4294 capra

1143 4347 1260 4392 omnes
1281 4330 1449 4390 creaturas
1469 4347 1529 4412 pro
1556 4333 1654 4414 captu
1676 4347 1803 4402 earum,
1832 4347 1911 4416 ergo
2037 4293 2040 4386 l

1143 4433 1271 4500 confert
1293 4435 1413 4498 aniciae
1440 4431 1680 4498 beatitudinem
1704 4457 1711 4498 ι
1736 4435 1778 4502 ad
1803 4433 1914 4502 beati·
2036 4387 2040 4564 i

2040 2893 2043 2960 ἔ

2039 2961 2043 3034 t

2039 3037 2043 3132 t

2039 3185 2043 3234 t

2039 3313 2042 3514 l

2039 3515 2041 3570 t

2039 3571 2041 3634 t

2039 3635 2041 3652 r

2039 3653 2041 3676 l

2039 3745 2041 3782 t

1142 4543 1295 4610 tudinem
1326 4551 1437 4608 antem
1468 4549 1595 4630 spectat
1618 4543 1688 4610 vita
1717 4551 1854 4624 aeterna,
1883 4549 1915 4608 et

1144 4651 1251 4742 gloria
1267 4657 1439 4738 perpetua.
1458 4649 1635 4732 PraetereA,
1660 4651 1687 4718 si
1704 4651 1816 4718 aninrn
1837 4673 1914 4718 mo-

1145 4765 1273 4826 reretur
1293 4781 1368 4824 cum
1390 4779 1545 4846 corpore,
1567 4757 1671 4826 homo
1689 4783 1758 4826 non
1778 4761 1914 4826 timere·

1143 4875 1197 4932 tur
1220 4873 1386 4948 mortuus,
1415 4867 1499 4930 sicut
1523 4881 1585 4932 uec
1610 4867 1724 4956 lupus,
1742 4891 1803 4932 nec
1824 4867 1914 4934 cunis

1144 4977 1300 5038 mortuus
1332 4993 1338 5036 :
1374 4991 1454 5060 ergo
1485 4969 1686 5060 relinquitur
1707 4971 1833 5062 aliquid
1861 4973 1917 5038 vi-

1144 5103 1228 5150 vens
1244 5088 1320 5170 post
1348 5091 1490 5148 mortem
1522 5079 1671 5148 hominis
1700 5083 1790 5170 quod
1814 5083 1915 5148 time·

1144 5199 1200 5260 tur
1222 5213 1228 5254 :
1248 5197 1281 5254 et
1299 5189 1363 5256 lroc
1379 5197 1428 5256 est
1443 5191 1568 5258 anima,

1190 5305 1369 5388 Praeterea,
1388 5305 1471 5372 Gom
1497 5305 1590 5372 Deus
1610 5305 1652 5372 sit
1667 5307 1791 5396 justus,
1809 5305 1915 5374 hahe-

1145 5415 1230 5482 bunt
1250 5415 1333 5502 justi
1357 5417 1545 5504 premium,
1569 5425 1601 5482 et
1626 5415 1705 5482 mali
1729 5415 1912 5506 peenam¹z

1146 5523 1204 5590 sed
1220 5521 1283 5590 hcc
1298 5547 1368 5590 uon
1385 5523 1421 5590 fit
1435 5525 1470 5592 in
1489 5523 1553 5590 hoc
1573 5525 1714 5608 munde,
1733 5549 1809 5592 cum
1836 5526 1916 5591 mali

1146 5629 1323 5698 rideantur
1351 5629 1483 5712 llorere,
1515 5629 1716 5698 deducentes
1750 5629 1783 5694 in
1816 5629 1915 5696 bonis
