4250 6376
278 469 318 536 ar
657 419 658 422 Ὺ
774 465 816 532 n.
841 467 939 534 aaa.
966 467 1074 536 uae.
1102 467 1203 538 oen.
1231 467 1376 536 remu.

103 677 173 726 aeus
207 683 261 724 no,
280 665 295 698 a
310 645 424 704 tamen
439 637 534 704 visus
555 637 626 724 ejus
642 645 691 704 est
711 659 810 704 causa
824 635 914 704 illius
929 637 1044 704 lactio-

115 747 249 854 esffilifffi
280 769 295 808 «
312 749 383 810 nis:
408 771 423 808 n
442 749 488 812 sic
503 747 594 812 lleus
608 745 699 812 videt
715 745 805 814 aiala
819 745 909 812 illius
929 767 1042 834 opera,

278 875 339 920 neo
358 861 473 920 tamen
490 863 540 920 est
563 875 663 920 causa
691 875 793 944 quare
818 853 904 920 male
925 875 1045 944 opere·

278 969 596 1042 tur‚'rer·umtame11
617 961 673 1026 liet
706 963 733 1026 si
767 965 946 1050 praevisum
981 967 1043 1026 est.

278 1069 376 1151 Item,
398 1070 525 1136 bonum
548 1067 753 1162 exemplum.
782 1069 818 1132 Si
839 1069 959 1156 aliquis
984 1067 1047 1134 ba-

278 1177 371 1244 beret
398 1175 532 1244 oculum
570 1181 669 1242 tantae
705 1175 979 1266 perspicacitatis
1010 1181 1047 1240 ut

278 1283 544 1362 rideretlutura,
568 1305 636 1348 non
666 1281 741 1348 idco
771 1283 889 1370 ligaret
923 1305 974 1348 res
1005 1281 1047 1348 ad

280 1373 450 1456 eventum.
470 1389 566 1470 Item,
589 1389 705 1454 artifex
739 1389 771 1454 in
807 1389 946 1454 materia
983 1411 1048 1454 no-

283 1499 365 1566 dosa
380 1499 465 1564 bene
482 1499 571 1566 ridet
596 1497 760 1564 defectum
781 1495 929 1580 allectae,
965 1497 1048 1562 nihil

108 1625 171 1674 Due
194 1619 267 1694 peet—
283 1615 397 1674 taurea
412 1613 462 1672 est
477 1629 576 1672 causa
596 1605 744 1674 allectus.
763 1603 860 1688 Item,
884 1605 956 1672 duae
972 1611 1049 1672 sunt

129 1685 252 1798 ”iiiiffm
282 1719 415 1806 paginae
432 1715 507 1782 libri
527 1717 603 1782 vitae
624 1739 630 1782 :
653 1737 720 1782 una
737 1723 786 1782 est
801 1721 973 1804 praesentis
995 1715 1049 1802 ju·

283 1825 394 1904 stitiae,
417 1847 435 1890 a
452 1847 517 1912 qua
532 1830 642 1910 potest
658 1825 731 1914 quis
751 1823 854 1890 deleri
875 1847 882 1890 :
906 1823 970 1890 alia
999 1829 1050 1890 θεῖ

285 1931 515 2018 dispositionis
531 1937 674 2012 aterna,
696 1931 736 1998 de
764 1953 829 2018 qua
854 1931 966 1996 nullus
990 1929 1050 1994 de-

284 2037 416 2102 lebitur.
714 2031 717 2034 ¹

325 2147 522 2210 Dill’erentia
538 2155 588 2214 est
607 2147 693 2212 inter
722 2145 1050 2234 praedestinationem

282 2261 313 2320 et
329 2255 598 2342 praescientiam:
624 2257 702 2344 quia
731 2255 977 2342 praedestinatio
1001 2261 1051 2320 est

282 2363 499 2450 praecognitio
539 2361 706 2428 bonorum
747 2381 823 2426 auur
857 2361 1050 2428 causalitate

284 2469 494 2552 eurumdem,
513 2471 568 2536 sed
591 2471 800 2558 praescientia
820 2469 899 2536 dicit
920 2491 1050 2558 praeco-

284 2581 471 2668 gnitionem
505 2579 685 2660 malorum,
734 2581 805 2646 sine
843 2579 1048 2656 causalitate,

284 2709 359 2774 quaa
375 2691 487 2776 petius
517 2687 639 2754 residet
666 2709 768 2774 penes
798 2687 940 2754 liberum
962 2687 1053 2752 arbi-

59 2881 60 2884 Ἴ
284 2795 400 2862 trium.

122 2939 261 3004 ostentato
331 2901 415 2968 Cura
441 2903 561 2968 dieitur
582 2927 600 2968 a
620 2903 757 2986 sanctis,
781 2901 870 2992 quod
885 2903 1053 2992 praedesti·

120 3013 258 3122 lsssfflsl
287 3013 378 3078 natio
405 3013 612 3080 orationibus
637 3013 826 3100 adjuvatur,
848 3037 917 3080 non
941 3021 990 3080 est
1007 3015 1053 3080 sio

126 3131 264 3206 praitau-
288 3119 543 3208 intelligendum
580 3121 669 3210 quod
710 3121 890 3210 temporale
941 3129 1054 3190 causet

114 3245 116 3248 ’
149 3197 243 3250 mmo?
289 3239 472 3296 aetornum:
491 3231 549 3296 sed
565 3229 628 3298 hoe
650 3239 812 3320 quantum
834 3231 875 3296 ad
899 3231 1053 3298 ellectum

287 3339 589 3428 praedestinationis
620 3341 718 3428 juvat
755 3341 875 3418 oratio,
915 3341 1053 3422 scilicet,

290 3457 453 3536 quantum
482 3449 523 3514 ad
551 3449 693 3536 gratiam
724 3455 757 3514 et
789 3447 945 3536 gloriam,
976 3449 1056 3536 quia

289 3557 472 3624 secundum
494 3556 549 3624 illa
573 3557 657 3624 bene
685 3565 884 3646 cooperatur
910 3557 1054 3624 liberum

290 3665 466 3732 arbitrium
504 3661 791 3754 predestinationi
818 3685 825 3734 :
860 3665 948 3732 uude
971 3667 1056 3732 sicut

115 3785 185 3854 aare
207 3787 273 3886 utp-
290 3774 382 3841 Deus
412 3773 558 3862 aliquem
588 3773 786 3840 salvandum
807 3773 979 3860 pravidet
1010 3775 1056 3840 sic

114 3847 276 3960 alililiia
292 3883 477 3950 atmodum
505 3905 570 3970 quo
598 3883 719 3950 salvari
744 3881 888 3950 debeat:
918 3893 1056 3974 propter

131 3971 260 4088 'ffssffiss'fflh
293 3991 384 4082 quod
404 3983 524 4058 stultus
548 3999 608 4068 est,
635 3993 692 4078 qui
723 3991 822 4058 dicit:
843 3989 929 4058 Volo
950 3995 1056 4058 lacere

291 4099 382 4190 quod
410 4099 584 4190 placuerit,
625 4101 703 4188 quia
731 4101 758 4166 si
788 4101 910 4164 salvari
935 4099 1053 4178 debeo,

290 4209 466 4274 salvabor:
484 4207 537 4274 rel
552 4209 579 4274 si
591 4207 753 4286 damnari,
773 4207 969 4274 damnabor.
985 4205 1056 4274 Sic-

290 4323 327 4382 ut
355 4315 474 4382 stultus
504 4323 590 4382 esset
622 4317 788 4398 ialirrnus,
820 4317 876 4406 qui
905 4317 1052 4384 diceret:

288 4423 377 4490 Volo
393 4423 568 4490 comedere
584 4433 615 4490 et
635 4423 749 4492 bibere
767 4425 857 4514 quod
872 4425 1052 4514 placuerit:

290 4533 369 4620 quia
398 4535 424 4596 si
460 4535 567 4622 curari
596 4531 713 4616 debeo,
744 4531 905 4598 curabor:
942 4533 996 4600 vel
1027 4535 1056 4598 si

288 4639 375 4704 niori
405 4637 524 4722 debeo,
554 4639 706 4706 moriar:
742 4641 788 4706 sia
809 4639 897 4706 enim
917 4639 1054 4706 inutiles

287 4755 399 4814 essent
428 4755 460 4814 et
486 4747 606 4814 medici
637 4755 668 4814 θῖ
697 4747 881 4814 medicinae.
913 4749 1001 4816 Sane
1026 4751 1054 4814 si

286 4853 378 4922 Deus
397 4857 561 4944 permittit
587 4853 730 4922 liberum
756 4855 945 4936 arbitrium,
963 4858 1054 4946 quod

285 4985 319 5030 se
335 4961 437 5030 babet
452 4965 494 5030 ad
510 4965 716 5046 utrumlibet,
731 4965 765 5028 ia
779 4963 905 5030 malum
921 4967 1052 5048 eadere,

284 5069 348 5136 boc
375 5093 443 5138 non
471 5075 648 5162 permittit,
671 5073 735 5138 nisi
755 5073 857 5160 juste.
880 5073 1009 5140 Rursus
1026 5075 1054 5142 si

282 5181 501 5268 pergratiam
530 5183 723 5268 praeveniat,
750 5179 833 5244 nulli
865 5179 943 5246 lacit
962 5183 1054 5270 inju-

286 5285 381 5352 riam.
407 5289 490 5354 Cum
506 5309 585 5378 ergo
611 5289 701 5354 llous
726 5285 833 5354 malos
854 5287 1002 5368 deamat,
1021 5299 1054 5358 et

218 5399 220 5404 ’
285 5395 455 5480 reprobat,
481 5405 639 5486 operatur
659 5397 843 5476 secundum
864 5399 1050 5484 justitiam:

287 5501 423 5588 quando
443 5525 524 5570 vero
542 5497 765 5592 praedestinat,
784 5507 852 5594 agit
868 5507 1052 5572 secuudum

285 5611 429 5696 gratiam
451 5621 482 5678 et
504 5613 781 5692 arrisericordiam,
810 5635 883 5700 quae
903 5637 972 5680 non
992 5637 1053 5680 ex-

320 5851 384 5906 ¹cf.
403 5853 412 5906 l
429 5853 465 5908 ad
480 5855 603 5912 Timotb.
622 5873 649 5922 u,
665 5855 691 5912 l.

1100 639 1203 707 cludit
1219 641 1397 730 justitiam.
1422 637 1606 706 Voluntate
1626 643 1737 704 autem
1758 635 1869 724 prima

1100 749 1172 814 vult
1203 751 1293 816 Deus
1335 771 1470 814 omnem
1517 745 1693 812 hominem
1736 743 1867 810 salvum

1100 857 1184 936 sieri,
1207 859 1240 922 ia
1265 867 1428 944 quantum
1454 853 1558 920 hemo
1575 863 1625 920 est
1642 867 1662 920 1.
1684 851 1869 920 Veluniate
1922 869 1924 872 ·

1100 971 1212 1032 autem
1237 965 1383 1032 serundo
1406 987 1474 1030 non
1502 961 1576 1028 vult
1595 965 1727 1050 justum
1756 959 1871 1026 homi-

1100 1093 1178 1138 nem
1194 1069 1388 1160 reprobum,
1406 1071 1440 1134 in
1464 1077 1629 1156 quantum
1646 1069 1716 1154 ipse
1746 1071 1796 1130 est
1817 1069 1870 1128 ta-

1100 1179 1153 1244 lis,
1184 1179 1351 1244 Voluntas
1379 1177 1481 1266 igitur
1511 1175 1712 1244 antecedens
1734 1173 1869 1260 respicit

1103 1287 1256 1354 ordinem
1293 1291 1420 1352 naturae
1449 1283 1483 1348 in
1514 1285 1629 1362 linem,
1646 1289 1748 1372 prout
1763 1301 1782 1346 a
1799 1281 1869 1346 lleo

1102 1393 1236 1462 condita
1256 1401 1304 1460 θεῖ
1326 1415 1332 1458 :
1359 1391 1517 1460 voluntas
1550 1415 1631 1460 vero
1661 1409 1870 1478 consequens

1103 1503 1236 1592 respicit
1261 1501 1413 1568 ordinem
1442 1523 1607 1590 personae,
1638 1505 1739 1590 prout
1766 1487 1816 1562 θεῖ
1831 1494 1871 1559 li·

1102 1613 1184 1680 bero
1214 1611 1350 1678 arbitrio
1381 1633 1454 1688 sue,
1488 1611 1541 1678 rel
1579 1611 1689 1676 alieno
1716 1607 1749 1672 in
1771 1605 1871 1670 linem

1104 1715 1278 1808 disposita.
2075 1803 2076 1806 Ἴ

1148 1829 1227 1896 Haec
1248 1829 1287 1894 de
1304 1829 1452 1894 realitate
1473 1829 1674 1894 dictasunt:
1694 1823 1751 1892 sed
1765 1821 1872 1910 logice
1916 1847 2028 1920 Coctia
2074 1875 2075 1878 ,

1102 1937 1287 2026 loquendo,
1307 1959 1383 2004 cum
1400 1937 1544 2004 salvatio
1560 1935 1710 2000 hominis
1733 1933 1775 1998 sit
1791 1953 1873 1996 ron·
1889 1911 2046 2024 “inguim

1103 2051 1249 2138 tingens,
1277 2045 1322 2132 de,
1340 2049 1536 2114 necessitate
1567 2041 1785 2112 determinari
1805 2063 1872 2106 non

1105 2153 1241 2240 potest:
1276 2151 1365 2240 quod
1404 2153 1494 2216 enim
1514 2155 1626 2240 potest
1659 2169 1731 2214 esse
1757 2153 1872 2210 etnon

1106 2279 1188 2336 esse,
1224 2259 1423 2346 contingens
1453 2265 1514 2338 est,
1546 2251 1870 2334 noaneressarium,

1106 2367 1191 2432 sicut
1206 2363 1435 2454 Philosophus
1456 2363 1535 2432 dicit
1559 2363 1593 2428 in
1617 2363 1703 2428 libro
1720 2361 1750 2426 ll
1773 2359 1873 2426 Peri-

1105 2477 1306 2540 bermetum.

1152 2583 1189 2648 Si
1219 2605 1299 2650 vero
1331 2585 1491 2672 quaeritur
1529 2603 1630 2674 quare
1664 2579 1755 2648 Deus
1784 2577 1874 2642 hune
1914 2585 2036 2672 omi„

1106 2689 1371 2780 pradestinavit,
1388 2691 1458 2756 sive
1484 2691 1594 2778 elegit,
1613 2695 1645 2754 et
1668 2711 1737 2754 non
1751 2683 1875 2750 illum?
1890 2675 2031 2788 millio&

1107 2797 1170 2866 hoc
1191 2797 1424 2888 inexplicabile
1441 2807 1491 2866 est
1506 2799 1540 2864 iu
1556 2797 1619 2864 bac
1633 2797 1704 2862 vita
1720 2793 1874 2860 mortali:

1107 2917 1244 2998 propter
1277 2907 1341 2976 hoc
1376 2909 1464 2974 enim
1499 2903 1875 2996 exclamatrlpostolus,

1109 3017 1150 3084 ad
1165 3005 1414 3096 Romanosxr,
1439 3017 1479 3084 33
1493 3015 1550 3082 :0
1566 3013 1717 3080 altitudo
1738 3011 1880 3078 dictitio-

1109 3147 1185 3190 rum
1205 3125 1380 3212 sapientia
1395 3133 1427 3188 θῖ
1441 3123 1587 3188 ariaratiae
1604 3121 1691 3188 Dei!
1706 3139 1810 3208 quam
1827 3117 1878 3182 irt-

1109 3231 1425 3320 eampreltensibilio
1452 3239 1533 3296 serrat
1554 3227 1696 3314 jactata
1726 3225 1812 3314 ejus
1850 3233 1881 3290 et

1101 3337 1362 3426 ¹irtuurtipobiles
1397 3341 1458 3404 oia
1493 3335 1593 3424 ejus!
1619 3333 1655 3398 Si
1680 3335 1770 3400 enim
1796 3329 1881 3396 dici-

1109 3469 1197 3522 1nuS‚
1230 3447 1320 3536 quod
1354 3443 1489 3536 reprobi
1523 3443 1689 3532 repellunt
1722 3441 1877 3530 gratiam,

1110 3553 1308 3622 hocverum
1329 3563 1397 3622 est:
1427 3553 1485 3620 sed
1517 3555 1544 3620 si
1569 3559 1680 3620 essent
1703 3551 1881 3642 praedesti-

1110 3669 1193 3752 nati,
1210 3691 1279 3734 noa
1295 3665 1495 3754 repellerent
1511 3665 1668 3734 finaliter.
1690 3663 1788 3730 Unde
1807 3659 1878 3726 Au-

1110 3777 1263 3866 gustinus
1298 3777 1333 3840 in
1370 3773 1457 3840 libro
1487 3773 1527 3840 de
1574 3771 1880 3840 Praedeatiaotiorre

1109 3893 1304 3950 serratorum
1325 3905 1335 3950 :
1359 3909 1374 3948 a
1402 3883 1527 3962 Gratia,
1559 3883 1680 3970 inquit,
1718 3903 1791 3968 quae
1826 3901 1880 3944 oc-

1114 3995 1239 4060 aculte
1262 3995 1422 4060 humanis
1446 3993 1603 4060 cordibus
1628 3989 1833 4066 attribuitur,
1860 4011 1879 4054 a
1944 4031 1946 4034 -

1113 4103 1238 4170 (ruello
1276 4103 1365 4170 'duro
1418 4103 1516 4170 corde
1563 4103 1765 4190 respuitur:
1802 4097 1878 4164 ideo

1112 4237 1128 4278 «
1147 4213 1269 4302 quippe
1298 4211 1469 4294 tribuitur,
1505 4217 1541 4276 ut
1574 4209 1697 4296 duritia
1726 4205 1877 4274 cordium

1112 4319 1330 4388 «auferatur.
1355 4347 1371 4382 a

1345 4859 1489 4926 CAPUT
1513 4855 1641 4924 XXXI.

1196 5075 1248 5138 De
1262 5071 1476 5162 prescientia
1491 5079 1522 5138 et
1537 5069 1784 5160 reprobatione.

1152 5409 1357 5498 Reprobalio
1386 5417 1446 5486 est,
1486 5417 1523 5476 ut
1564 5411 1610 5474 ait
1646 5407 1915 5522 Augustinus,R
1954 5459 2041 5520 what„

1108 5519 1316 5606 praecientia
1347 5525 1531 5606 miquitatis
1565 5513 1803 5606 quorumdam,
1841 5525 1873 5582 et
1904 5487 1967 5600 qiia
1986 5513 2057 5606 sat}

1107 5627 1306 5714 praeparatio
1328 5625 1554 5692 damnationis
1571 5621 1781 5690 eorumdem.
2053 5611 2054 5614 Ἴ
