4250 6376
294 535 313 602 6
677 549 678 552 ’
705 607 706 610 ,
732 547 737 610 j
788 535 828 602 D.
857 535 954 610 ΑΕΒ.
982 535 1089 602 MAG.
1117 531 1218 642 ott-n.
1245 531 1391 598 PRAED.

244 765 246 768 .
340 703 390 772 Ex
419 703 585 794 praedietis
618 713 720 796 patet,
761 707 852 796 quod
888 709 981 774 Deus
1017 715 1068 772 est

296 835 481 892 summum,
503 815 663 900 primum,
683 823 714 880 et
730 837 835 880 unum
851 815 960 880 solum
976 815 1066 902 prin-

296 919 434 1008 cipium,
452 929 523 986 turn
552 925 679 988 ratione
709 921 893 1010 dignitatis,
917 929 990 986 tum
1012 943 1064 984 ra-

295 1027 387 1094 tione
404 1031 654 1108 antecessionis,
675 1037 748 1096 tum
770 1031 898 1096 ratione
920 1027 1064 1096 oausali-

296 1135 384 1204 tatis,
788 1143 790 1146 ’

1121 703 1263 770 Roman.
1296 725 1366 784 vin,
1408 703 1472 768 ta:
1504 701 1686 790 decepistis
1724 701 1886 790 spiritam

1119 813 1313 902 adoptionis
1326 811 1494 898 filioram,
1514 811 1548 874 in
1573 833 1638 898 qao
1665 811 1884 874 alarrranaas:

1117 919 1228 1000 Adita,
1265 919 1404 1006 (Pater).
1455 919 1575 984 Gloriae
1613 917 1821 996 collatione„
1835 917 1887 982 Ad

1118 1027 1226 1094 Galat.
1254 1051 1298 1104 tv,
1322 1031 1366 1096 ‘'l:
1395 1029 1514 1116 ltaque
1531 1027 1611 1114 jain
1637 1049 1711 1092 xnon
1748 1035 1800 1098 ,ret
1823 1051 1887 1092 ser·

1116 1159 1188 1216 arra,
1217 1137 1276 1202 red
1297 1137 1395 1224 filias
1414 1161 1425 1200 .·
1444 1135 1545 1224 'arrad
1569 1137 1599 1200 ri
1612 1135 1719 1222 filino,
1739 1143 1769 1200 et
1783 1135 1886 1202 daras

1113 1265 1175 1330 per
1190 1247 1311 1324 Deion,
1331 1243 1363 1308 id
1385 1249 1446 1318 est,
1468 1263 1527 1330 per
1548 1263 1650 1330 opera
1676 1239 1737 1306 Dei
1757 1261 1763 1306 :
1782 1263 1887 1330 opera

1022 1339 1023 1342 ¹
1115 1351 1204 1416 enim
1226 1357 1340 1416 nostra
1356 1351 1464 1438 magis
1484 1355 1563 1414 sont
1588 1371 1647 1436 por
1671 1347 1885 1424 Daumvitae

557 1667 700 1734 CAPUT
730 1667 787 1732 tv.

511 1879 611 1962 Quod
641 1881 747 1946 Pater
774 1889 832 1946 est.

332 2209 511 2278 AEternum
535 2209 669 2276 Patrem
686 2233 770 2288 esse,
787 2233 848 2300 per
863 2209 927 2278 hoo
944 2217 1056 2278 osten·

290 2317 389 2400 ditur,
414 2317 504 2406 quod
524 2341 599 2384 oum
621 2317 710 2384 Deus
731 2319 773 2384 sit
788 2319 1054 2408 potentissimae,

289 2425 569 2514 sapientissimus
592 2433 623 2492 et
650 2427 810 2514 optimus,
841 2435 965 2516 potest,
983 2429 1055 2506 seit,

289 2539 321 2598 et
335 2531 408 2598 volt
427 2553 461 2596 se
478 2555 608 2598 somme
624 2533 870 2600 communicare
890 2555 896 2600 z
914 2533 979 2602 hoo
995 2557 1058 2600 aa·

290 2647 358 2706 tem
380 2647 441 2718 est,
461 2639 554 2706 alteri
574 2641 757 2728 majestatis
782 2663 849 2708 suae
875 2641 1053 2730 plenitudi-

290 2771 369 2824 nem
387 2747 465 2814 dare
482 2749 488 2782 ¹
508 2769 514 2814 :
535 2771 613 2838 ergo
629 2749 722 2816 Dens
742 2749 841 2816 Pater
861 2751 902 2816 ab
931 2759 1056 2818 aeterno

289 2855 411 2924 Filium
430 2857 493 2922 sibi
509 2857 675 2944 aequalem
701 2859 828 2946 genuit,
850 2861 903 2944 aui
933 2857 1058 2926 divini-

288 2965 366 3032 tatis
382 2987 450 3032 suae
467 2965 648 3030 essentiam
664 2967 939 3032 communicavit.
970 2967 1057 3034 Dicit

291 3073 381 3140 enim
397 3071 564 3136 Dominus
582 3073 615 3136 in
631 3071 718 3160 lsaio
736 3097 741 3136 ε
761 3073 801 3140 Si
815 3097 885 3162 apo,
911 3075 971 3162 qai
996 3097 1058 3162 pa-

289 3185 497 3250 nerationarn
515 3185 640 3250 caeteris
664 3181 787 3262 triana,
805 3185 931 3250 sterilis
947 3207 1000 3250 ero
1016 3185 1057 3250 ²?

291 3291 395 3370 Quasi
412 3293 498 3358 dieat
515 3315 521 3358 :
545 3293 632 3358 Non.

81 3423 82 3426 ’
113 3415 275 3496 Parapan-
341 3401 440 3466 Pater
470 3399 697 3490 multipliciter
730 3403 885 3466 sumitur.
927 3401 1058 3466 Dioitur

131 3485 260 3598 trare

293 3511 383 3574 enirn
398 3517 492 3598 pater
510 3517 635 3574 retorna
650 3509 877 3598 generatione,
905 3505 969 3574 lsa.
987 3531 1053 3590 niu,

291 3619 612 3686 82Gerrerationern
638 3617 714 3706 ejas
743 3619 819 3706 qais
846 3615 1058 3682 enarrabit?

288 3725 597 3800 praedestinatione,
628 3723 680 3790 Ad
705 3725 829 3816 Ephes.
857 3749 880 3802 r,
919 3727 938 3790 2
963 3733 994 3792 et
1010 3727 1051 3792 li:

290 3835 411 3902 Gratia
421 3833 513 3898 nodis
524 3841 554 3898 et
562 3855 635 3922 para
646 3855 666 3898 a
677 3835 747 3898 Deo
764 3835 868 3898 Patre
883 3841 1052 3912 nosne...

287 3941 347 4030 qai
382 3939 642 4030 predestinavit
679 3961 735 4024 aas
769 3941 804 4002 in
839 3937 1053 4026 adoptionem

285 4049 453 4138 filioram.
486 4045 674 4124 Creatione,
713 4045 846 4112 Denter.
884 4047 1051 4120 xxmutt:

286 4153 465 4244 Numquid
478 4177 543 4218 non
560 4155 630 4240 ipse
641 4161 687 4218 est
695 4163 793 4242 pater
804 4161 894 4228 tarra,
908 4155 1055 4242 quiper-

286 4265 373 4338 sedit
389 4271 430 4340 te,
449 4273 480 4328 et
506 4263 586 4352 ferit
608 4271 640 4330 et
662 4265 786 4328 areaait
801 4273 832 4328 te
849 4261 868 4328 P
883 4263 984 4338 Ferit,
1004 4263 1054 4326 in·

288 4395 402 4462 quam,
422 4369 606 4438 seeundum
623 4393 756 4460 eorpus,
779 4373 904 4438 creavit
935 4393 1057 4438 seeun-

289 4481 369 4546 dum
386 4481 545 4564 animam,
562 4480 711 4568 possedit
726 4481 910 4548 seeundum
927 4489 1056 4574 utrum-

290 4613 366 4680 que.
391 4591 645 4678 Redemptione‚
673 4589 737 4654 Isa.
774 4613 864 4672 Lxrn,
892 4591 957 4656 te:
993 4593 1053 4666 Ta,

287 4697 444 4778 Domine,
464 4707 563 4786 pater
585 4707 711 4776 aionien,
727 4699 917 4788 redemptor
932 4709 1054 4776 noster,

289 4829 309 4870 a
323 4805 447 4878 amanio
463 4825 582 4870 aionien
599 4813 709 4870 taram.
743 4805 985 4872 Sacramentali
1000 4829 1054 4872 re·

251 4991 252 4994 *
288 4911 552 5006 generatione,l
581 4911 684 4990 Petri,
722 4937 743 4990 t,
776 4915 819 4980 3:
851 4915 1054 4980 Benedictus

288 5023 381 5088 Dens
428 5029 458 5086 et
499 5021 603 5086 Pater
644 5023 788 5086 Domini
824 5023 932 5088 nostri
975 5025 1056 5090 Jesn

291 5133 429 5210 Carisa,
460 5131 519 5218 qai
555 5129 739 5194 secandam
785 5131 1054 5198 misericordiane

288 5261 387 5306 saara
416 5257 577 5326 magnoin
607 5239 816 5326 r’aperiaraait
860 5263 932 5306 naa.
963 5239 1056 5308 Fidei

291 5345 522 5428 instructione,
540 5345 639 5410 Joan.
657 5367 679 5426 1,
699 5345 738 5410 t2
758 5365 764 5408 :
781 5347 885 5436 Dedit
901 5349 947 5412 eis
958 5359 1053 5438 pate-

289 5463 411 5520 statern
434 5453 525 5526 filias
549 5455 613 5518 Dei
638 5453 726 5542 fieri,
756 5451 809 5518 ais
830 5455 890 5542 qai
917 5455 1058 5522 credant

291 5563 327 5626 in
354 5559 489 5626 nomine
517 5557 603 5646 ejas.
636 5557 756 5626 Gratia
792 5559 985 5650 adoptione,
1004 5563 1056 5628 Ad

326 5805 333 5842 ¹
350 5805 393 5860 Ad
409 5805 518 5860 tolosa.
535 5823 565 5872 rr,
583 5809 615 5860 9:
634 5809 660 5860 ta
679 5809 734 5878 ipsa
752 5809 890 5864 irritabitat
902 5809 987 5880 omnis
999 5813 1057 5882 pte-

290 5899 387 5950 nit-udo
403 5899 558 5950 rtiriattatr's
578 5899 766 5966 roiparaltter.

1115 1465 1248 1524 aeternae
1265 1457 1448 1540 meritoria,
1469 1477 1569 1546 qaam
1587 1479 1647 1546 per
1675 1477 1750 1524 nos.
1768 1453 1884 1522 Primo

1115 1565 1215 1632 modo
1237 1567 1381 1630 semiton
1392 1573 1492 1654 pater
1511 1565 1745 1654 personaliter,
1776 1573 1809 1630 et
1823 1563 1883 1630 iste

1113 1675 1234 1738 modus
1251 1673 1311 1740 soli
1328 1675 1415 1762 patri
1432 1675 1600 1740 eonvenit.
1621 1673 1748 1750 Quarto
1765 1671 1882 1754 moda,

1112 1781 1237 1850 scilieet
1251 1783 1494 1874 redemptione,
1512 1783 1701 1850 nonsolum
1718 1781 1881 1858 effective,

1112 1891 1170 1956 sed
1202 1891 1303 1958 etiam
1328 1915 1389 1982 per
1412 1891 1591 1956 ministerii
1619 1887 1879 1956 exhibitionem.

1113 1995 1266 2070 Sumitur
1286 1999 1386 2064 etiam
1403 1997 1625 2086 personaliter
1647 2019 1653 2062 ε
1677 2003 1709 2062 et
1728 1999 1790 2062 iste
1811 2017 1883 2062 mo-

1112 2105 1173 2170 dus
1190 2105 1252 2172 soli
1268 2107 1352 2172 Filio
1378 2107 1548 2188 convenit,
1580 2106 1763 2173 seeundum
1789 2103 1883 2194 qnod

1113 2215 1235 2280 modus
1268 2215 1510 2304 redemptionis
1556 2215 1618 2280 fuit
1643 2237 1703 2302 per
1734 2221 1880 2278 mortem
1963 2221 1965 2228 ‘

1112 2321 1197 2388 Filii.
1223 2321 1473 2414 Onrnesautem
1491 2323 1547 2386 alii
1563 2323 1656 2388 modi
1679 2319 1785 2386 trihus
1807 2343 1881 2410 per·

1111 2431 1202 2496 sanis
1232 2423 1332 2496 simul
1362 2431 1593 2496 conveniunt:
1622 2431 1700 2518 quia
1734 2429 1878 2494 indivisa
1960 2503 1961 2506 Ἴ
2047 2449 2048 2452 ’

1109 2543 1188 2602 sunt
1212 2559 1313 2626 opera
1341 2537 1533 2604 Trinitatis:
1558 2537 1621 2602 nisi
1648 2535 1732 2602 forte
1755 2535 1876 2624 aliquis

1111 2645 1245 2714 illorum
1261 2647 1439 2712 modorum
1462 2647 1641 2714 conveniat
1674 2645 1772 2712 alieni
1797 2667 1876 2732 per·
1906 2649 2058 2722 Arrrorrir.

1110 2773 1200 2818 sonae
1221 2773 1280 2840 per
1299 2753 1621 2842 appropriationem.
1943 2717 2002 2762 Μ’

1154 2857 1248 2926 Cimo
1263 2863 1513 2950 generationem
1532 2869 1612 2928 nota
1637 2869 1781 2950 quatuor
1796 2881 1878 2950 pro-

1109 2973 1293 3058 positiones
1328 2971 1362 3034 in
1415 2971 1536 3058 quibus
1579 2971 1686 3036 videri
1725 2971 1874 3060 poterit:

1109 3087 1221 3144 utrum
1243 3079 1388 3146 essentia
1409 3079 1521 3146 divine
1537 3087 1686 3168 generet,
1703 3079 1757 3146 vel
1774 3101 1878 3168 gene-

1110 3197 1210 3256 retur.
1229 3187 1346 3256 Prima
1363 3199 1422 3268 est,
1441 3189 1593 3256 Essentia
1610 3195 1747 3278 generat
1768 3209 1880 3254 essen·
1982 3279 1983 3282 Ἴ
2069 3271 2070 3274 ¹

1109 3297 1200 3362 tiam.
1230 3295 1385 3364 Secunda
1401 3303 1461 3376 est,
1480 3295 1635 3362 Essentia
1650 3301 1788 3384 generat
1802 3317 1878 3384 per-

1109 3399 1240 3474 sonam.
1253 3405 1362 3472 Tertia
1373 3411 1434 3480 est,
1449 3405 1599 3472 Persona
1614 3411 1752 3494 generat
1769 3425 1880 3470 essen-

1109 3513 1202 3576 tiam.
1222 3511 1347 3590 Qnarta
1364 3519 1425 3588 est,
1442 3511 1593 3578 Persona
1613 3519 1749 3602 generat
1766 3533 1880 3600 perso-

1109 3641 1198 3684 nam.
1222 3619 1350 3684 Harum
1378 3617 1650 3708 propositionum
1667 3625 1731 3684 tres
1755 3619 1883 3706 primae

1106 3725 1200 3792 ‘falsae
1226 3735 1316 3804 sunt,
1339 3737 1456 3816 quarta
1486 3733 1599 3792 autem
1625 3747 1705 3792 vera
1730 3733 1788 3790 est.
1817 3725 1877 3790 Est
2050 3815 2052 3818 Ι

1109 3835 1197 3900 enim
1213 3833 1329 3922 regola
1344 3835 1379 3898 in
1397 3833 1593 3922 Theologia,
1613 3833 1703 3922 quod
1732 3827 1878 3918 essentia¹
1919 3855 2021 3928 neuere

1108 3941 1221 4006 divina
1237 3963 1305 4006 non
1328 3949 1475 4030 generat,
1502 3963 1562 4006 nee
1587 3949 1794 4030 generatur:
1822 3919 2053 4006 [ii-theologica,

1108 4049 1251 4114 rendum
1278 4057 1391 4122 tamen
1418 4057 1480 4126 est.
1511 4049 1602 4138 quod
1628 4049 1728 4114 Pater
1751 4049 1875 4114 virtute

1109 4157 1261 4222 essentiae
1292 4159 1463 4224 existentis
1492 4159 1526 4222 in
1555 4179 1602 4240 se,
1652 4165 1813 4246 generat:
1847 4165 1878 4222 et

1109 4267 1199 4358 quod
1215 4267 1298 4332 Filio
1308 4291 1374 4358 per
1397 4267 1650 4358 generationem
1689 4267 1879 4334 eommuni-

1109 4363 1202 4444 oatur
1232 4377 1386 4456 essentia,
1412 4377 1497 4444 siout
1524 4385 1556 4444 et
1595 4361 1736 4466 Spiritui
1763 4383 1877 4442 sanato

1107 4509 1167 4576 per
1185 4487 1450 4576 processionem.
1875 4507 1876 4510 ¹

1382 4885 1528 4978 onrtrr
1552 4909 1594 4976 r.

1346 5125 1445 5210 and
1457 5125 1569 5192 Filias
1596 5133 1654 5190 est.

1154 5455 1266 5536 Quum
1286 5455 1350 5520 sint
1376 5455 1572 5522 correlative
1588 5453 1690 5520 Pater
1705 5461 1738 5520 et
1757 5451 1873 5530 Filius,
1891 5481 2043 5532 natationes

1108 5587 1168 5654 per
1202 5561 1334 5630 easdem
1365 5561 1510 5628 rationes
1536 5557 1725 5626 ostenditur
1751 5557 1874 5626 Filium
1891 5543 2053 5672 ῗξιὲζξᾞὸε

1145 5813 1222 5866 ’isa
1242 5827 1312 5876 Lxrr,
1330 5815 1355 5864 9.
