4276 6392
98 739 99 742 ¹
163 763 164 766 η
242 703 330 774 Psal.
348 717 466 772 xxxru,
485 697 525 760 tl:
551 693 702 768 ulciscare,
731 693 899 780 ethidete,
924 711 1011 778 pac-

530 519 777 588 coutraooll
800 515 1098 584 'l‘HEOLOGlCAE
1121 511 1357 580 VERITATIS
1382 513 1464 578 LlB.
1494 513 1518 578 l.

1791 519 1830 582 19

1073 685 1233 764 «mundo
1258 707 1326 752 non
1361 681 1522 762 inclusus
1550 693 1641 756 extra
1667 685 1843 754 muudum

242 805 477 884 iatamsaaots,
500 801 857 868 ete.=lltisteultimos
887 799 1008 864 modus
1036 825 1047 838 ·
1071 801 1173 860 <rnen
1207 791 1373 872 exclusus,
1418 813 1519 880 supra
1561 793 1725 860 mundum
1763 809 1842 860 non

241 915 502 1012 perfectissimos
520 919 569 974 est
590 915 622 974 et
637 901 860 990 certissimus,

1029 973 1031 976 ¹
1069 925 1084 964 «
1103 899 1263 974 elevatus
1288 897 1372 962 intra
1401 897 1566 962 niundon]
1595 921 1662 964 non
1691 899 1832 986 depres-

98 1059 225 1108 riuusmo-
284 1021 468 1110 Dionysius
503 1017 592 1098 dicit,
629 1017 719 1104 qood
758 1017 864 1082 trihus
898 1011 1008 1080 modis
1068 1029 1206 1074 asos.»

98 1129 226 1178 §cognus-

99 1185 138 1236 tur
149 1183 215 1228 Deus

158 1333 159 1336 Ἴ
222 1353 413 1420 -Dousnon
438 1353 487 1410 est
512 1343 588 1422 hoc,
609 1343 662 1408 vel
687 1341 780 1411 illud.
805 1343 902 1410 Unde
924 1341 1007 1406 Dio-

206 2157 209 2164 ι

156 2185 159 2194 i

230 1263 330 1318 uem,
347 1239 417 1306 sive
433 1233 704 1324 abnegationem,
722 1241 758 1300 ut
773 1257 849 1300 cum
865 1233 1004 1300 dicitur:

238 1461 379 1550 nysius:
400 1481 415 1520 u
437 1455 610 1542 Negatiuee
637 1449 677 1518 de
701 1455 772 1520 Deo
794 1461 873 1534 sunt
890 1473 1002 1518 uerae:

242 1591 257 1632 a
304 1563 514 1630 affirmativae
569 1583 649 1628 vero
703 1561 934 1648 incompactae.
987 1585 1002 1620 u

237 1673 332 1752 Item,
350 1693 408 1758 per
425 1667 642 1734 eminentiam
662 1689 668 1732 :
692 1675 729 1734 ut
753 1689 830 1732 eum
854 1669 887 1732 iu
911 1689 1005 1752 crea-

236 1789 309 1848 tora
328 1771 519 1844 inveniatur
533 1777 698 1866 putentia,
725 1777 935 1844 attribuenda
955 1783 1005 1842 est

234 1891 305 1956 Deo
335 1907 468 1950 summa
501 1887 661 1974 potentia,
703 1887 813 1972 etsie
845 1885 886 1950 de
916 1883 1001 1952 aliis.

235 1983 585 2082 lto1n,per.causam,
614 1993 799 2084 secundum
827 1993 913 2082 qood
944 2015 1003 2080 per

234 2103 369 2178 allectus
395 2103 528 2168 uertitur
555 2103 597 2176 ad
621 2103 851 2192 cognitionem
878 2123 1000 2178 causae,

138 2247 162 2290 ς
227 2215 287 2284 'vel
302 2235 362 2302 per
387 2201 795 2302 cognitionemmctuum
821 2211 863 2280 ad
883 2211 1002 2298 cogui-

234 2321 360 2388 tionem
378 2321 558 2388 molientis,

137 3193 147 3222 X

279 2431 361 2496 ltem
383 2437 474 2512 nota,
498 2431 589 2520 qood
608 2433 721 2498 artiora
740 2453 841 2498 seusu
862 2427 1002 2518 percipit

234 2563 384 2628 corpora,
407 2563 466 2628 per
489 2541 614 2608 formas
638 2543 672 2608 in
696 2541 847 2624 materia,
870 2545 1000 2604 tautum

234 2655 395 2736 praesente
411 2671 551 2736 corpore
565 2673 575 2714 .·
596 2649 743 2736 imagine
771 2669 852 2714 vero
880 2667 1002 2732 corpo-

217 2753 308 2820 rum
324 2753 577 2832 similitudines,
591 2761 622 2820 et
637 2755 762 2820 forinas
779 2755 962 2820 abstractas
983 2773 999 2814 a

235 2863 387 2938 nuateria,
425 2863 526 2928 etiam
569 2867 732 2952 prasente
764 2883 915 2952 corpore,
947 2859 1001 2924 vel

236 2971 391 3038 ahsente:
415 2973 543 3040 ratione
565 2981 676 3038 autem
697 2995 879 3060 corporum
898 2977 1002 3036 natu-

236 3103 300 3162 ras,
319 3081 489 3148 intellectu
516 3083 671 3170 spiritum
701 3089 864 3164 creatum,
881 3077 1001 3144 intelli-

236 3187 348 3274 gentia
366 3207 448 3252 vere
470 3187 624 3276 spiritum
641 3187 839 3252 increatum.

274 3295 463 3362 ¹Sciendum
492 3303 542 3364 est
568 3297 679 3378 etiam,
710 3297 802 3386 quod
822 3293 1003 3386 cognosci-

235 3401 315 3468 bilia
330 3405 483 3492 quaedam
505 3413 582 3470 sunt
607 3403 888 3480 lacerationem,
908 3423 1001 3492 quae-

135 3555 139 3594 3
237 3511 312 3576 dam
325 3501 438 3600 juxta,¹
462 3513 618 3600 quaedam
638 3535 750 3600 sopra.
778 3513 870 3578 lutra
897 3511 1001 3576 rutic-

237 3637 313 3680 nom
347 3625 436 3698 sunt,
473 3639 546 3706 quae
589 3639 688 3686 sensu
719 3617 936 3704 percipimus,
965 3619 1002 3678 ut

237 3721 324 3804 elba,
341 3725 449 3814 nigra,
476 3733 509 3790 et
532 3723 739 3816 hujusmodi.
770 3723 877 3788 Juxta
897 3723 1002 3786 ratio-

236 3849 312 3894 nem
340 3839 427 3906 sunt,
461 3855 534 3920 quae
566 3833 693 3916 ratione
719 3831 936 3918 percipimus,
968 3833 1003 3892 ut

235 3937 437 4020 rera,3t'alsa,
462 3939 566 4026 justa,
587 3939 642 4006 vel
663 3939 801 4026 injusta.
823 3937 931 4026 Supra
947 3957 1003 4000 rt-

108 5421 191 5492 ibique

109 5499 157 5554 eos,
173 5505 199 5548 et

109 5559 195 5610 miodo

233 4041 360 4110 tionem
388 4053 477 4126 suut,
514 4069 588 4134 qua
624 4033 695 4112 sola
722 4047 836 4112 divina
869 4042 1002 4110 revela-

234 4149 324 4214 tione
347 4149 692 4240 comprehenduntur,
725 4157 783 4218 aut
805 4151 1001 4218 austeritate

238 4253 489 4346 Scripturarum
525 4259 730 4328 creduntur:
768 4268 804 4327 ut
827 4267 893 4326 tres
928 4281 1000 4324 esse

234 4383 394 4450 personas
410 4391 516 4434 unum
536 4367 645 4434 Deum
668 4371 689 4434 ¹.

482 4899 627 4968 CAPUT
646 4899 758 4968 XVII.

324 5111 375 5176 De
395 5111 816 5202 'incircacmscrr'ptihilitute
836 5101 912 5178 Dei.

238 5419 239 5422 ¹
281 5427 413 5522 Ubique
433 5417 525 5502 Deus
552 5441 614 5510 est,
641 5439 673 5498 et
701 5439 815 5498 tamen
835 5409 1003 5520 nusquam

210 5543 297 5620 sest,
330 5543 409 5628 quia
438 5565 501 5608 nec
527 5541 621 5608 ahest
644 5539 705 5606 ulli
729 5541 816 5620 loco,
848 5547 909 5606 nec
934 5539 1003 5604 ullo

239 5649 368 5734 capitur
382 5649 469 5718 locu.
492 5651 703 5742 Airgustinus
722 5673 728 5716 :
749 5675 765 5714 a
791 5649 882 5716 Deus
907 5649 1005 5714 estin

275 5881 281 5912 ¹
297 5883 337 5936 Cf.
351 5883 361 5938 Ι
377 5887 459 5940 toan.
476 5903 502 5952 r,
520 5891 544 5940 7.

242 1131 454 1222 cognoscitur
478 1125 582 1208 Deus,
617 1125 741 1192 seilicet
762 1147 822 1212 per
848 1123 1008 1190 reniotio-

1109 1115 1161 1180 Ex
1187 1113 1239 1180 his
1280 1119 1383 1200 patet,
1415 1113 1506 1200 quod
1544 1113 1635 1180 Deus
1665 1123 1715 1180 est
1743 1115 1831 1180 intra

1064 1227 1191 1302 amnia,
1214 1231 1245 1290 et
1259 1221 1323 1290 hoc
1340 1223 1418 1312 quia
1439 1225 1553 1290 clunia
1568 1223 1682 1312 replet,
1702 1233 1734 1290 et
1754 1209 1837 1290 uhi-2¹

1064 1357 1127 1424 que
1148 1353 1297 1422 praeseus
1319 1339 1379 1426 est.
1397 1329 1495 1410 Item,
1523 1339 1616 1398 extra
1632 1333 1745 1398 omnia
1766 1337 1826 1412 est,

1063 1443 1141 1532 quia
1159 1443 1273 1508 omma
1294 1441 1464 1508 continet:
1496 1465 1557 1508 nec
1580 1443 1724 1530 usquam
1740 1441 1829 1508 valet

1062 1553 1234 1644 coarctari.
1256 1547 1323 1614 Sed
1343 1557 1434 1644 nota,
1462 1551 1553 1638 quod
1579 1549 1650 1616 haec
1668 1551 1829 1640 praeposi-

1060 1661 1107 1726 tio
1121 1671 1230 1740 entra,
1247 1657 1327 1724 dicit
1337 1659 1396 1744 ihi,
1417 1681 1485 1724 non
1502 1659 1664 1724 actualem
1681 1683 1829 1750 praesen-

1059 1767 1142 1832 tiam
1163 1767 1204 1832 ad
1220 1767 1344 1842 locum,
1363 1765 1421 1830 sed
1436 1765 1667 1854 potentialem,
1685 1791 1759 1856 quae
1779 1777 1829 1834 est

1059 1873 1122 1940 Dei
1144 1873 1365 1950 immensitas,
1401 1893 1475 1960 quae
1506 1871 1655 1940 inlicitus
1682 1871 1827 1940 mundos

1058 1973 1338 2070 potestrepleie,
1371 1979 1400 2044 si
1421 1987 1542 2044 essent.
1567 1979 1663 2058 Item,
1688 1981 1758 2070 ipse
1776 1987 1835 2048 est

1058 2109 1158 2176 supra
1175 2087 1313 2154 omnia:
1343 2087 1422 2176 quia
1447 2087 1604 2154 ontnihus
1628 2089 1786 2176 praesidet
1802 2087 1821 2172 2,

1058 2195 1255 2284 nec'aliquid
1271 2195 1299 2260 ci
1317 2201 1480 2284 aquator.
1495 2194 1593 2276 Item,
1611 2193 1695 2262 infra
1712 2199 1826 2262 omnia
1871 2201 1872 2204 ’

1058 2311 1131 2372 est:
1160 2305 1237 2392 quia
1261 2311 1380 2370 cuncta
1410 2303 1562 2382 sustinet,
1590 2311 1622 2370 et
1649 2305 1718 2370 siue
1752 2307 1824 2394 ipso

1056 2409 1141 2478 nihil
1161 2409 1371 2478 subsisteret.
1674 2495 1675 2498 Ἴ
1830 2501 1831 2504 ¹

1101 2519 1252 2586 Dicimus
1279 2519 1393 2598 etiam,
1423 2517 1510 2606 quod
1528 2519 1653 2608 ubique
1675 2527 1734 2598 est,
1756 2535 1824 2588 uon

1056 2635 1093 2694 ut
1118 2627 1265 2718 indigeat
1296 2625 1395 2710 rebus
1425 2627 1515 2714 quod
1544 2629 1578 2692 in
1603 2617 1649 2694 cis
1674 2631 1740 2696 sit:
1767 2629 1825 2696 sed

1055 2739 1169 2826 potius
1185 2761 1236 2802 ros
1257 2739 1308 2802 sui
1324 2735 1507 2826 indigeant,
1526 2745 1561 2802 ut
1577 2759 1635 2826 per
1655 2759 1731 2804 eum
1748 2737 1824 2804 suh-

1056 2847 1186 2910 slstant.
1204 2845 1294 2912 Deus
1316 2847 1406 2910 enirn
1433 2851 1508 2910 ante
1524 2845 1641 2910 muudi
1658 2835 1824 2914 constitu·
1907 2891 1908 2894 =

1057 2955 1183 3038 tionem
1204 2955 1277 3036 luit,
1299 2955 1359 3020 uhi
1376 2975 1465 3018 nunc
1481 2961 1541 3030 est,
1571 2953 1695 3020 scilicet
1718 2955 1752 3022 in
1773 2973 1820 3038 se,

1057 3063 1218 3152 quoniam
1235 3065 1304 3152 ipse
1320 3061 1442 3128 suflicit
1459 3061 1521 3126 sihi
1541 3087 1547 3128 :
1570 3063 1659 3130 unde
1681 3085 1798 3130 versus
1813 3087 1821 3152 :¹
1857 3089 1858 3092 ¹

1056 3291 1106 3362 llic
1118 3287 1167 3342 uhi
1180 3293 1248 3344 tunc
1258 3293 1344 3356 esset,
1356 3307 1422 3344 curn
1434 3293 1541 3360 practer
1553 3307 1620 3366 euin
1639 3291 1713 3346 nihil
1727 3291 1824 3348 esset?

1055 3381 1134 3432 Tunc
1151 3377 1287 3432 uhinunc
1298 3379 1329 3432 in
1346 3395 1386 3444 se,
1400 3379 1539 3450 quoniam
1557 3379 1612 3432 sihi
1625 3381 1734 3434 suflicit
1749 3383 1821 3450 ipse.

1099 3597 1166 3670 Per
1202 3603 1293 3694 quod
1325 3611 1416 3694 patet
1460 3605 1582 3672 solutio
1628 3609 1823 3696 questionis
1840 3651 1906 3700 An„
1922 3657 1998 3696 mu„

1058 3711 1282 3802 quorumdam
1312 3713 1528 3802 simplicium,
1566 3717 1623 3804 qui
1654 3723 1827 3804 quaerunt,
1850 3711 1990 3824 {sstssigffi

1056 3821 1115 3886 uhi
1126 3819 1215 3886 Deus
1226 3819 1535 3912 tueritpriosquam
1550 3823 1696 3892 mundus
1713 3825 1825 3892 esset?
1856 3839 1925 3886 Deus
1938 3837 1983 3884 uui

1059 3927 1241 4000 Sciendum
1262 3937 1311 3996 est
1339 3955 1433 4020 ergo,
1457 3933 1548 4020 quod
1574 3931 1701 4022 aliquid
1720 3943 1770 4002 θεῖ
1790 3937 1824 4002 in
1863 3899 1970 4012 militia

1055 4029 1130 4104 loco
1169 4039 1454 4128 circumscriptive
1492 4047 1524 4104 et
1565 4033 1757 4120 diltiuitive,
1790 4053 1825 4110 ut
1847 4023 1995 4150 lssffijffl

1058 4167 1179 4232 corpus
1198 4143 1359 4234 :aliquid
1384 4143 1572 4228 diffinitive,
1596 4167 1663 4212 non
1680 4151 1826 4228 circurn-
1851 4149 1990 4216 accipitur.

1058 4253 1285 4340 scriptitant
1316 4251 1493 4338 Angelus:
1521 4247 1647 4342 aliquid
1673 4277 1734 4322 uec
1763 4257 1821 4338 sic,
1903 4329 1904 4332 Ἴ
2013 4231 2017 4246 ’

1056 4379 1117 4424 nec
1138 4357 1196 4440 sic,
1214 4363 1250 4422 ut
1264 4354 1355 4422 Deus
1375 4375 1381 4420 ε
1406 4365 1437 4422 θῖ
1456 4355 1521 4424 hoc
1547 4357 1635 4440 ideo,
1661 4363 1844 4448 quianon

1057 4463 1286 4532 indiuidoatur
1312 4485 1372 4552 per
1401 4467 1592 4544 materiam,
1623 4473 1821 4558 olcorpua

1057 4597 1166 4662 neque
1181 4597 1242 4666 per
1261 4573 1486 4662 suppositum,
1505 4581 1542 4640 ut
1566 4575 1728 4664 Angelus.
1749 4575 1826 4644 Ali-

1058 4681 1138 4772 quid
1163 4689 1211 4748 est
1236 4681 1336 4748 etiam
1354 4683 1398 4758 in
1419 4681 1506 4776 loce,
1534 4683 1656 4770 partim
1681 4685 1825 4752 circum-

1058 4789 1227 4878 scriptiue,
1258 4789 1379 4878 partim
1417 4787 1603 4870 diffinitive,
1639 4799 1676 4858 ut
1703 4797 1826 4884 corpus

1059 4897 1181 4966 Christi
1211 4899 1244 4962 in
1268 4905 1491 4972 sacramente,
1520 4899 1611 4986 quod
1641 4907 1690 4966 est
1716 4897 1825 4980 totum

1058 5003 1119 5070 suh
1135 5011 1206 5084 tota
1221 5003 1343 5080 hostia,
1366 5005 1411 5070 ita
1427 5003 1518 5092 quod
1534 5007 1747 5092 nunsexcedit
1765 5031 1772 5088 r
1796 5019 1827 5096 et

1058 5115 1245 5182 secundum
1274 5113 1338 5178 hcc
1367 5121 1418 5178 est
1442 5115 1739 5206 circumscriptive.
1769 5117 1828 5184 Est

1060 5243 1195 5312 quoque
1211 5223 1257 5288 sic
1274 5221 1334 5286 suh
1352 5219 1476 5304 hostia,
1493 5221 1581 5310 quod
1598 5245 1667 5288 non
1687 5223 1824 5316 ubique,

1060 5337 1092 5412 et
1118 5331 1164 5394 sic
1197 5335 1246 5394 est
1275 5325 1321 5392 ihi
1355 5325 1608 5416 quodammodo
1637 5329 1824 5436 diffinitive.

1060 5435 1189 5524 Corpus
1220 5441 1334 5502 autem
1357 5433 1480 5500 Christi
1504 5433 1580 5500 licet
1601 5457 1671 5502 non
1691 5439 1732 5504 sit
1755 5439 1827 5506 uhi-

1067 5565 1143 5634 que‚
1166 5565 1242 5608 curn
1259 5543 1304 5608 sit
1317 5549 1481 5618 creatora,
1499 5563 1559 5608 uec
1574 5547 1699 5632 aequari
1722 5549 1829 5634 possit

1058 5653 1095 5718 in
1110 5647 1306 5736 hujusmodi
1321 5647 1483 5724 Creatori,
1497 5649 1530 5712 iu
1545 5649 1698 5738 pluribus
1713 5661 1827 5722 tamen

1096 5883 1158 5940 '²Cf.
1175 5883 1212 5940 acl
1225 5883 1311 5940 Hehr.
1328 5901 1347 5952 1,
1364 5885 1394 5936 3,
1469 5871 1471 5874 ’
1563 5859 1567 5864 ⁶
