4266 6384
323 467 364 532 65
835 467 876 534 D.
902 469 1000 534 Abs.
1027 469 1134 536 MAG.
1165 471 1266 538 ORD.
1293 475 1439 544 PRAED.

281 627 282 630 '
322 655 387 700 mee
404 637 583 716 sensibilis,
601 625 664 706 sed¹
684 637 812 730 aliquid
832 637 952 706 simile.
978 639 1089 706 Haece

280 761 281 764 ’
320 741 423 832 vulgo
439 743 474 810 in
489 745 626 814 homine
642 755 782 814 vocatur
796 749 993 836 oopitotica,
1011 769 1088 814 cum

320 857 433 918 tamen
450 855 597 942 cogitare
612 855 747 944 proprie
764 855 804 922 sit
824 855 975 922 rationis.

364 955 547 1026 Phantasia
563 969 720 1048 operatur
741 963 774 1028 in
794 983 929 1040 somno,
948 961 1032 1026 siout
1054 961 1088 1026 in

319 1069 447 1156 vigilia.
468 1069 565 1148 Quod
581 1077 693 1138 aufem
710 1071 744 1136 in
761 1071 888 1138 somnis
905 1093 957 1136 res
971 1069 1087 1136 viden-

318 1183 373 1240 tur
398 1199 470 1242 esse
492 1185 687 1266 praesentes,
708 1177 774 1244 hoo
798 1183 858 1260 est,
883 1179 960 1266 quia
984 1177 1020 1242 fit
1041 1201 1089 1244 re·

317 1287 428 1352 versio
449 1285 490 1352 ad
515 1309 651 1356 sensum
676 1309 904 1354 communem.
929 1285 996 1352 lsta
1022 1309 1086 1376 po-

319 1393 422 1458 tentio
446 1393 580 1482 quando
602 1395 780 1482 conjuncta
800 1399 849 1458 est
875 1393 1007 1470 rationi,
1025 1393 1087 1460 sic-

317 1503 354 1564 ut
368 1507 419 1564 ast
433 1501 468 1564 in
497 1499 647 1586 homine,
663 1509 741 1568 tunc
766 1501 885 1588 accipit
909 1499 1029 1590 agendi
1055 1505 1087 1566 et

317 1605 479 1694 operandi
512 1609 663 1696 regimen
692 1631 711 1674 a
738 1609 880 1674 ratione.
910 1599 977 1674 Serl
1006 1607 1086 1696 quia

314 1713 401 1780 ratio
422 1715 667 1784 diversificatur
690 1715 875 1784 secundum
911 1715 1084 1782 diversita-

314 1831 382 1890 tem
413 1847 543 1904 eorum,
573 1825 612 1890 de
642 1825 763 1916 quibus
793 1825 1005 1892 ratiocinatio
1032 1825 1081 1906 fit,

311 1933 387 2000 ideo
404 1957 463 2024 per
479 1935 695 2022 operationes
705 1931 890 2024 phantasia
919 1933 1082 2022 multipli-

312 2047 430 2108 cantur
465 2043 500 2108 iu
537 2041 675 2110 homine
714 2041 824 2110 valde.
866 2041 933 2110 Ubi
970 2049 1082 2114 aufem

311 2147 491 2236 phantasia
515 2157 647 2216 nonest
668 2171 746 2216 curn
764 2149 904 2226 ratione,
927 2155 964 2216 ut
986 2155 1034 2216 est
1049 2149 1082 2214 in

311 2257 429 2340 brutis,
447 2263 527 2322 tuuc
544 2257 668 2344 regitur
692 2257 801 2322 solum
828 2257 1013 2322 secundum
1034 2257 1083 2322 in·

311 2365 471 2434 stinctum
505 2372 642 2434 naturae.
672 2365 714 2432 Et
744 2367 821 2454 quia
860 2373 981 2434 notura
1011 2387 1079 2432 uuo

311 2473 412 2540 modo
430 2473 529 2542 estin
554 2473 755 2540 habentibus
783 2475 930 2562 speciem
959 2497 1076 2552 unam,

311 2581 387 2646 ideo
403 2581 576 2670 conceptio
592 2579 774 2668 phantasiae
797 2589 953 2670 operatur
973 2581 1007 2646 in
1032 2587 1081 2646 ta·

311 2689 400 2756 libus
425 2713 492 2756 uno
518 2689 632 2756 modo.
650 2689 693 2756 Et
712 2689 789 2756 inde
815 2695 873 2772 est,
894 2689 982 2780 quod
1010 2711 1082 2754 om-

313 2797 364 2862 nis
405 2797 549 2866 hirundo
596 2795 674 2864 facit
711 2819 779 2864 uno
818 2797 920 2864 modo
962 2797 1080 2862 nidum

315 2929 427 2972 suum.

1143 649 1175 708 et
1190 643 1370 714 dividendo
1391 667 1397 712 :
1421 669 1524 736 quare
1541 651 1573 712 et
1589 643 1792 710 influxiones
1814 635 1917 728 primi

1142 753 1281 820 motoris
1298 777 1367 820 nou
1385 755 1572 844 percipiunt
1587 753 1632 818 ito
1658 753 1721 818 cito
1738 749 1824 816 sicut
1837 745 1915 810 bru-

1140 869 1185 946 ta,
1210 885 1283 952 quae
1304 887 1373 928 non
1403 867 1448 932 sic
1465 867 1672 952 occupantur
1694 861 1730 924 in
1748 857 1816 922 suis
1832 877 1913 922 oon·

1142 971 1364 1058 captionibus,
1387 997 1448 1040 nec
1464 969 1648 1038 secundum
1673 967 1747 1032 illas
1768 985 1912 1052 operan·

1140 1085 1206 1156 tur,
1243 1079 1300 1144 sed
1338 1087 1468 1148 lantum
1498 1075 1683 1144 secundum
1718 1073 1912 1140 instinctum

1140 1195 1280 1254 natura.

1185 1295 1251 1360 Ista
1272 1297 1336 1380 vis,
1363 1295 1488 1362 scilicet
1511 1291 1699 1382 phantasia,
1727 1287 1911 1378 plurimum

1139 1403 1281 1492 impedit
1297 1405 1517 1482 intellectum,
1548 1423 1587 1468 eo
1615 1399 1708 1490 quod
1736 1393 1837 1462 uineis
1859 1415 1911 1460 oc·

1139 1519 1240 1600 cupat
1256 1513 1404 1578 animam
1425 1509 1673 1600 compositione
1689 1511 1722 1572 et
1747 1501 1910 1570 divisione

1139 1621 1340 1710 imaginum,
1364 1645 1432 1688 non
1448 1619 1559 1688 solum
1576 1623 1788 1704 acceptarum
1805 1633 1823 1676 a
1838 1633 1912 1676 sen-

1137 1729 1240 1804 sibus,
1259 1727 1319 1796 sed
1334 1729 1436 1794 etiam
1451 1725 1616 1792 fictarum.
1635 1721 1781 1788 Maxime
1796 1723 1908 1784 aulem

1136 1837 1277 1926 impedit
1304 1837 1525 1914 intellectum,
1554 1831 1689 1922 quando
1721 1825 1849 1918 aliquid
1869 1823 1908 1892 de

1137 1945 1329 2012 coelestibus
1364 1953 1395 2010 et
1429 1941 1551 2008 divinis
1581 1937 1788 2030 imprimitur
1813 1935 1855 2012 ei,
1877 1939 1910 2000 et

1136 2051 1201 2140 huc
1215 2053 1303 2132 ide0,
1315 2051 1400 2140 ¹quia
1421 2049 1659 2136 conceptiones
1676 2043 1759 2112 tales
1775 2039 1908 2108 intelle-

1136 2169 1208 2230 ctus
1237 2185 1306 2228 non
1333 2167 1446 2252 potest
1469 2159 1566 2242 ferra,
1595 2179 1657 2224 nec
1679 2159 1757 2222 sunt
1781 2149 1908 2218 similes

1135 2271 1284 2362 imagine
1300 2269 1446 2352 ionibus,
1487 2275 1520 2334 et
1561 2263 1755 2332 fictionibus
1797 2257 1908 2350 phou*

1135 2383 1238 2446 tasiae.

1183 2487 1363 2554 Phantasia
1382 2509 1463 2554 vero
1479 2485 1618 2576 ponitur
1643 2483 1678 2548 in
1701 2481 1906 2548 medicare·
1989 2515 1991 2518 -

1136 2597 1197 2662 dise
1223 2595 1350 2662 cellulae
1379 2593 1518 2674 cerebri,
1549 2599 1712 2680 tanquam
1739 2595 1905 2668 centrum,

1135 2705 1222 2770 inter
1250 2705 1520 2780 memorativum,
1547 2709 1581 2768 et
1609 2699 1867 2788 imaginatirom
1897 2717 1904 2760 :

1136 2815 1214 2902 quia
1245 2813 1422 2902 phantasia
1461 2809 1626 2878 convertit
1651 2815 1779 2874 setam
1805 2823 1905 2892 super

1133 2921 1272 3004 formaS,
1310 2941 1394 3010 quas
1440 2917 1560 3004 accipit
1596 2913 1818 3004 imaginativa
1847 2931 1907 3000 per

2051 2579 2054 2644 ἒ

2051 2649 2054 2702 Ξ

2051 2705 2054 2728 t

2050 2833 2053 2860 f

2049 2863 2053 2890 l

157 3021 241 3072 aomo
262 3025 288 3070 et
359 3013 524 3082 Dixerunt
552 3019 665 3080 aufem
695 3011 832 3104 quidam
866 3011 1077 3102 Philosophi,

162 3085 288 3136 animalia
422 3125 428 3138 .
534 3123 540 3136 ,
671 3123 676 3136 ,
800 3123 804 3134 ,
903 3125 909 3138 ,

140 3153 282 3200 moventur
316 3123 407 3214 quod
420 3133 490 3190 rstae
509 3127 647 3190 virtutes
669 3145 703 3190 m
719 3121 825 3188 brutis
840 3133 953 3210 potrus
978 3145 1081 3212 agun-

156 3213 283 3326 stuppeo·
314 3239 367 3298 tur
395 3253 498 3322 quam
526 3237 637 3320 agant,
657 3229 715 3298 sed
741 3231 774 3296 in
802 3229 940 3298 homine
966 3233 1078 3320 potius

1134 3021 1284 3112 sensum,
1314 3049 1417 3118 quam
1448 3049 1548 3116 super
1575 3025 1791 3100 intentiones,
1823 3039 1905 3108 quas

1134 3145 1284 3204 reservat
1311 3135 1476 3202 memoria
1503 3157 1509 3200 :
1542 3139 1574 3200 et
1612 3139 1692 3200 tuno
1726 3133 1806 3196 istas
1834 3127 1906 3192 for-

1133 3269 1205 3314 mas
1235 3269 1273 3312 ac
1301 3247 1506 3314 intentiones
1540 3241 1659 3310 dividit
1698 3261 1736 3306 ac
1764 3259 1907 3324 compu-

312 3349 417 3432 agunt
432 3365 534 3434 quam
551 3349 693 3430 agantur
710 3363 716 3410 :
735 3343 816 3430 qnia
830 3341 928 3406 bruta
942 3365 1080 3408 moveo·
1133 3357 1192 3422 nit,

311 3461 365 3520 tur
404 3451 589 3522 secundum
617 3453 792 3542 impetum,
828 3457 860 3516 at
892 3451 1077 3542 impulsum

309 3565 483 3650 appetitus
515 3559 689 3628 naturalis,
724 3559 835 3628 Motus
872 3567 984 3628 autern
1016 3559 1078 3626 hu·

309 3673 401 3736 urani
422 3669 616 3760 regelantur
641 3669 825 3736 secundum
850 3669 1001 3760 regimen
1022 3691 1078 3736 ra-

306 3777 421 3848 tionis,
449 3775 644 3844 Notandum
671 3783 795 3854 autem,
827 3777 924 3864 quod¹
946 3775 1075 3844 melan-

308 3883 441 3970 cholici,
472 3891 504 3952 et
530 3883 667 3964 infirmi,
698 3891 729 3952 et
758 3891 921 3968 amantes,
953 3885 1076 3952 multas

308 3991 434 4062 habent
452 3991 658 4084 phantasias,
676 3993 733 4060 sed
757 3991 821 4058 hoc
845 4015 914 4060 uon
939 4015 980 4058 ex
998 3991 1075 4058 illu·

309 4103 481 4180 stratione,
505 4123 579 4190 qum
600 4099 636 4166 fir
653 4123 713 4192 per
743 4101 1002 4188 imaginationes
1028 4123 1077 4166 re-

307 4231 384 4276 rum
399 4207 623 4282 sensibilium,
641 4207 699 4274 sed
724 4229 765 4272 err
781 4207 996 4294 passionibus
1019 4227 1074 4272 na-

305 4325 402 4396 turae,
420 4323 453 4382 et
468 4315 664 4384 confusione
690 4315 870 4404 spirituum
890 4315 1074 4382 ascenden-

305 4425 391 4492 tium
407 4423 448 4490 ad
472 4423 660 4504 cerebrum,
680 4431 711 4490 et
726 4429 826 4512 caput
851 4423 1072 4490 turbantium,

305 4533 402 4600 Tales
424 4533 512 4600 euim
547 4531 681 4622 spiritus
711 4531 922 4598 diversarum
952 4531 1074 4620 imagi-

305 4641 482 4708 nationum
503 4639 732 4706 involutiones
756 4639 893 4720 faciunt‚
920 4645 950 4706 et
971 4661 1074 4728 geue-

303 4755 379 4814 raut
398 4747 574 4814 horribiles
589 4747 750 4830 visiones
770 4753 802 4812 et
821 4747 1071 4834 conceptiones.

347 4855 513 4924 Praetarea
533 4855 718 4940 sciendum,
743 4855 833 4944 quod
855 4855 952 4922 bruta
977 4857 1073 4922 citius

303 4965 468 5056 recipiunt
497 4963 645 5030 influxus
674 4963 773 5050 primi
804 4965 942 5032 motoris
970 4986 1073 5053 quam

303 5071 472 5152 homines,
512 5071 599 5136 siout
630 5077 722 5158 potet
749 5071 784 5136 iu
809 5071 960 5154 formica,
998 5095 1072 5160 quoe

305 5179 439 5268 quondo
468 5179 580 5246 cibum
620 5179 757 5268 colligit,
781 5179 880 5246 intra
903 5189 972 5248 tres
1001 5179 1072 5248 dies

302 5309 371 5356 non
398 5287 494 5380 pluit.
518 5287 559 5352 Et
586 5287 695 5376 gallus
723 5295 858 5354 cantum
887 5311 987 5354 suurn
1012 5311 1071 5378 per

300 5403 435 5488 tempus
464 5399 582 5474 variat,
615 5399 693 5486 quia
731 5399 953 5464 mutationem
983 5421 1071 5466 aura

302 5527 343 5572 ex
358 5505 545 5572 influxione
559 5505 661 5592 primi
677 5507 816 5572 motoris
837 5509 1067 5594 praesentiunt.

301 5611 410 5698 Hujus
437 5613 516 5680 dicti
535 5611 606 5678 haec
627 5621 677 5680 est
702 5613 800 5690 ratio,
823 5615 984 5702 quoniam
1006 5615 1069 5682 ho-

301 5721 408 5788 mines
438 5719 582 5788 multum
605 5727 812 5810 occupantur
836 5721 922 5788 circa
947 5743 1068 5788 conce·-

300 5829 434 5916 ptiones
449 5851 525 5896 suas
542 5827 756 5908 conferendo,
768 5835 801 5896 et
815 5831 1065 5920 componendo,

1354 3887 1537 3956 CAPUT
1583 3889 1673 3954 XL.

1393 4111 1444 4174 Dc
1460 4107 1632 4174 anemoria.

2049 2887 2053 2932 t

2048 3001 2053 3070 t

2048 3091 2053 3120 r

2045 3297 2051 3450 l

2042 3773 2048 3862 i

2041 3941 2046 4042 t

2039 4129 2045 4156 s*

1174 4427 1338 4496 llemoria
1369 4439 1419 4498 est
1448 4429 1687 4520 repositorium
1715 4433 1899 4522 praeterito·
1927 4421 2043 4524 honorif

1129 4667 1188 4734 per
1207 4645 1464 4714 estimationem
1484 4669 1501 4712 a
1522 4647 1639 4738 figuris
1667 4671 1779 4716 rernm
1806 4649 1900 4716 elici-

1129 4761 1191 4820 tos.
1218 4753 1343 4820 Animo
1368 4777 1428 4844 per
1451 4757 1651 4822 memoriam
1673 4757 1899 4826 mediantibus

1130 4861 1227 4930 rebus
1269 4863 1483 4932 sensibilibus
1514 4865 1600 4932 redit
1637 4867 1672 4932 in
1718 4867 1808 4956 ipses
1847 4889 1900 4934 res

1129 4969 1316 5056 sensibiles,
1359 4995 1433 5064 quae
1467 4981 1545 5040 sunt
1583 4981 1676 5042 extra
1705 4975 1812 5064 ipsam
1839 4999 1846 5042 :
1870 4983 1902 5042 et

1127 5085 1266 5166 propter
1303 5077 1368 5146 hoc
1410 5087 1544 5170 oportet
1575 5089 1686 5148 actum
1727 5083 1900 5150 memoriae

1128 5185 1211 5252 duas
1238 5185 1428 5274 praecedere
1471 5189 1686 5278 operationes
1718 5217 1725 5258 ε
1756 5211 1899 5280 quarum

1126 5315 1195 5360 uua
1216 5301 1266 5360 θεῖ
1283 5293 1348 5360 hoc
1377 5317 1449 5362 θεεθ
1480 5305 1677 5384 receptum:
1701 5305 1732 5366 et
1757 5297 1829 5362 haec
1850 5305 1899 5364 θεῖ

1128 5403 1280 5490 operatio
1316 5425 1433 5470 sensus
1463 5407 1653 5472 eommunis
1685 5429 1692 5472 :
1721 5415 1752 5474 et
1775 5407 1810 5470 in
1834 5402 1899 5471 hoo

1127 5511 1292 5578 memoria
1318 5511 1446 5600 incipit.
1483 5509 1639 5578 Secunda
1668 5521 1718 5582 est
1740 5513 1805 5580 hec
1825 5533 1898 5582 esse

1127 5627 1364 5686 conservatum
1380 5619 1469 5710 apud
1484 5643 1560 5704 nos,
1578 5625 1671 5710 quod
1685 5623 1724 5692 fit
1737 5647 1797 5712 per
1816 5625 1899 5692 ima-

1125 5727 1325 5814 ginativam.
1362 5725 1501 5816 Oportet
1540 5731 1657 5814 etiam,
1691 5731 1784 5822 quod·
1820 5739 1896 5800 ante

1126 5837 1326 5902 memoriam
1348 5835 1504 5924 quaedam
1520 5839 1625 5906 virtus
1650 5847 1807 5932 operetur
1821 5861 1895 5930 quae

1121 4559 1218 4616 ¹rum.
1234 4537 1397 4607 Reservat
1414 4539 1503 4606 enim
1515 4543 1680 4606 memoria
1695 4543 1899 4608 intentiones
1923 4513 1986 4578 ΨΜ
2009 4511 2042 4598 ⁵¹⁸3}

2034 4665 2040 4770 l,

2033 4831 2039 4884 ἐ
