4266 6384
173 4827 232 4886 Esse
258 4839 304 4890 Dei

166 4897 301 4954 correctum
311 4943 315 4956 .

637 471 885 542 corrrunnn
908 469 1205 542 rueosecrua
1232 467 1462 540 venimus
1486 467 1569 540 tre.
1596 467 1622 540 r.

913 1075 1212 1236 LIBER
1268 1074 1331 1236 Ι.

771 1503 849 1596 DE
899 1503 1146 1596 NATURA
1196 1503 1484 1596 DElTthS.

594 2361 760 2450 'canor
785 2359 798 2424 r

568 2577 668 2660 Quod
689 2577 777 2642 Deras
792 2583 850 2640 est.

369 2901 479 2968 Deum
507 2921 579 2966 θεεθ
604 2901 718 2968 multis
752 2899 861 2966 modis
891 2899 1088 2966 ostenditur.

294 3045 309 3048 =·
324 3007 397 3074 Hoc
413 3007 503 3074 enim
519 3005 599 3072 fides
616 3015 704 3072 recta
723 3013 876 3082 testatur,
895 3027 987 3072 sacra
1005 3003 1092 3072 Scri·

324 3123 423 3204 ptura
464 3113 625 3204 loquitur,
661 3115 869 3204 corriperetio
910 3135 1020 3180 rerum
1051 3111 1092 3178 ad

324 3225 435 3312 ipsum
451 3209 645 3288 facta'idenr
671 3221 804 3296 indicat,
835 3221 949 3288 Sancti
971 3219 1092 3308 praedi-

326 3339 414 3410 cant,
449 3339 608 3396 creaturae
634 3330 792 3414 clamant,
820 3331 904 3396 ratio
932 3327 1092 3396 naturalis

327 3439 440 3526 dictat.
1021 3493 1024 3498 i

355 3545 486 3634 ”Primo
503 3547 605 3634 igitur
621 3547 729 3612 Deum
746 3567 817 3612 esse
834 3545 915 3612 fides
929 3553 1090 3612 testatur:

236 3685 237 3688 ¹
327 3657 407 3746 quin
422 3655 503 3720 tides
520 3653 690 3720 Catholica
714 3653 818 3722 credit
841 3655 962 3736 Deum,
992 3651 1095 3720 credit

328 3765 361 3830 iu
382 3763 503 3848 Deum,
522 3769 556 3840 etw
569 3761 672 3828 credit
690 3761 774 3828 Deo.
794 3759 936 3828 Credere
957 3761 1093 3848 quidem

327 3873 437 3940 Deum
453 3877 504 3936 est
518 3869 651 3938 credere
668 3873 779 3960 ipsum
800 3891 882 3936 esse.
903 3867 1044 3936 Credere
1060 3869 1095 3932 in

328 3981 437 4066 lleum
466 3989 516 4048 est
548 3963 712 4046 credendo
747 3977 857 4044 Deum
900 3999 1026 4060 amare,
1050 3985 1096 4044 ,et

327 4089 474 4164 amando
496 4089 530 4154 iu
545 4109 622 4154 eum
638 4089 698 4170 ire,
722 4111 759 4162 ao
776 4087 938 4154 memhris
959 4087 1031 4174 ejus
1047 4089 1095 4152 in-

328 4197 510 4290 corporari.
543 4197 684 4266 Credere
710 4203 822 4262 autern
852 4197 920 4262 [leo
947 4203 997 4262 est
1022 4217 1096 4262 cre-

327 4309 405 4390 dere
424 4305 536 4376 verhis
552 4307 634 4394 ejus.
653 4307 807 4372 Primum
826 4315 856 4372 et
881 4305 1018 4372 tertium
1035 4305 1095 4370 ho-

296 4493 298 4498 ,
328 4441 451 4484 norum
481 4415 702 4494 etmalorum
723 4422 798 4482 est:
822 4413 880 4480 sed
910 4413 1095 4480 secundum

219 4529 220 4532 ’
310 4527 498 4594 ‚honorum
521 4531 682 4590 tantum:
712 4521 789 4612 quia
814 4523 947 4590 credere
974 4523 1095 4604 Deum,

332 4643 363 4702 et
383 4633 517 4700 credere
541 4631 612 4698 Deo
637 4631 735 4698 honis
761 4635 792 4696 et
815 4629 911 4696 malis
932 4637 981 4698 est
1004 4651 1098 4698 com-

333 4765 457 4824 mune:
491 4739 549 4806 sed
573 4739 705 4806 credere
731 4741 765 4804 in
788 4737 896 4804 Deum
930 4737 1099 4806 honorum

334 4851 522 4944 specialiter
547 4857 606 4914 est.
626 4849 717 4916 Deus
741 4851 852 4938 itaque
882 4849 974 4914 solus
999 4849 1100 4916 hahet

334 4987 406 5032 esse
420 4959 615 5052 perlectum.
640 4957 726 5024 Illud
743 4959 832 5024 enim
848 4957 1031 5046 perfeetum
1052 4963 1101 5022 est

335 5073 432 5158 eujus
450 5067 535 5136 nihil
559 5073 608 5132 est
632 5073 725 5132 extra
746 5067 870 5154 ipsum.
900 5065 993 5132 [lude
1024 5067 1102 5154 quia

169 5195 235 5306 tEsse
251 5223 308 5260 nos.
337 5203 409 5248 esse
425 5183 579 5244 nostrum
595 5175 696 5242 hahet
716 5175 843 5264 aliquid
857 5185 950 5242 extro
970 5199 1017 5252 se,
1035 5181 1102 5242 irn-

181 5275 192 5306 l‘
261 5271 265 5282 ’
297 5303 306 5310 .

170 5277 319 5388 telldcthllh.

336 5287 521 5376 perfectum
537 5295 598 5352 est.
611 5283 722 5356 ,Deest
741 5283 831 5350 enirn
848 5283 944 5350 nohis
960 5283 1099 5372 aliquid,

336 5397 434 5484 qood,
448 5393 639 5466 desnostre
657 5415 735 5462 esse,
753 5391 824 5478 jam
840 5393 1021 5480 preteriit,
1048 5391 1102 5458 vel

336 5507 427 5596 quod
446 5505 597 5572 futurum
622 5511 684 5570 est„
708 5503 870 5568 Divinum
894 5511 1007 5568 autern
1031 5525 1101 5568 osse

333 5635 411 5678 oum
431 5607 533 5676 simul
551 5611 605 5686 sit,
623 5607 902 5696 perfectissimum
918 5615 978 5674 est.

370 5841 462 5898 1ΡεειΙ
486 5859 559 5910 xerx,
591 5843 627 5898 3:
661 5843 717 5910 lpse
744 5841 810 5912 fecit
839 5857 894 5910 uos,
923 5847 948 5894 et
977 5855 1031 5896 arou
1051 5843 1104 5910 tpsi

1195 2035 1362 2116 Secunde,
1387 2035 1493 2100 Deum
1514 2051 1584 2104 esse
1603 2037 1776 2126 Scriptura
1805 2037 1920 2128 loqui·

1148 2151 1213 2210 tur.
1236 2145 1541 2228 Psal.nxxx1x‚2:
1564 2149 1589 2214 Α
1613 2145 1736 2214 saccale
1761 2157 1792 2212 et
1817 2169 1923 2238 usque

1148 2253 1416 2320 humectamur
1439 2277 1482 2338 er,
1512 2257 1615 2322 Deus.
1644 2253 1751 2322 Exod.
1784 2279 1833 2338 111,
1854 2257 1917 2322 tl:

1151 2361 1217 2442 Qui
1232 2369 1289 2442 ert,
1308 2361 1401 2426 misit
1416 2385 1480 2428 me.
1496 2361 1645 2452 loannes
1661 2363 1893 2432 Damasoeuus
1909 2391 1915 2432 :

1153 2467 1326 2534 «Videtur
1356 2469 1513 2536 omnihus
1538 2470 1755 2562 principalius
1781 2495 1916 2550 eorum,

1147 2603 1162 2638 u
1181 2599 1254 2664 quae
1271 2577 1310 2642 de
1328 2577 1397 2642 Deo
1418 2577 1585 2658 dicuntur,
1604 2579 1800 2646 nominihus
1829 2603 1916 2664 esse,

1151 2707 1166 2748 a
1186 2685 1252 2766 Qui
1272 2693 1331 2748 est.
1351 2707 1366 2748 t>
1613 2775 1615 2778 Ι

1155 2815 1156 2818 ’
1190 2791 1314 2878 Tertio,v
1333 2793 1443 2858 Deum
1468 2815 1539 2860 esse
1568 2817 1680 2862 rerum
1706 2799 1914 2886 comparatio

1148 2901 1314 2988 adipsum
1331 2901 1415 2966 foeta
1437 2901 1572 2968 iudicat.
1593 2903 1674 2968 Tam
1691 2925 1810 2970 verum
1826 2905 1917 2970 enirn

1148 3027 1218 3072 esse
1232 3003 1322 3072 Deus
1341 3003 1453 3088 habet,
1472 3007 1561 3094 quod
1580 3015 1733 3072 nostrum
1760 3029 1831 3076 esse
1853 3031 1914 3076 sue

1148 3121 1392 3202 comparatum,
1420 3113 1503 3178 nihil
1532 3123 1601 3180 est:
1639 3117 1707 3180 imo
1742 3115 1830 3182 Deus
1852 3139 1914 3184 suo

1148 3221 1435 3310 praeseutialiesse
1451 3221 1506 3288 dat
1527 3223 1684 3288 omnihus
1705 3221 1804 3290 rebus
1822 3247 1911 3292 esse:

1148 3331 1195 3396 ita
1211 3327 1302 3418 quod
1318 3331 1344 3396 si
1361 3351 1395 3394 se
1412 3329 1512 3396 rebus
1529 3329 1752 3414 subtraheret,
1775 3333 1861 3400 sicut
1877 3333 1917 3400 de

1148 3439 1253 3504 nihilo
1273 3437 1358 3504 lacta
1378 3445 1466 3516 sunt,
1489 3439 1535 3504 sio
1560 3439 1595 3504 in
1620 3437 1764 3506 nihilum
1781 3441 1917 3506 difflue-

1149 3555 1221 3612 rent
1240 3537 1410 3612 universa.
1443 3543 1646 3636 Gregorius:
1667 3573 1683 3612 a
1706 3547 1829 3616 Omnia
1851 3547 1917 3612 hu-

1114 3739 1115 3742 *
1152 3683 1166 3722 u
1184 3681 1296 3734 mana,
1324 3681 1398 3748 quae
1418 3657 1521 3746 justa,
1554 3681 1626 3750 quaa
1652 3657 1794 3750 pulchra
1823 3669 1914 3742 sunt,

1153 3797 1167 3828 «
1190 3767 1249 3834 Dei
1273 3767 1413 3854 justitiae
1448 3777 1480 3834 et
1507 3767 1749 3858 pulchritudini
1778 3793 1914 3860 compa·

1152 3901 1167 3942 u
1185 3885 1266 3958 rata,
1286 3899 1346 3944 nee
1366 3877 1468 3962 justa,
1496 3899 1556 3942 nec
1580 3875 1719 3966 pulchra
1745 3887 1833 3962 suut,
1858 3901 1919 3946 neo

1153 4007 1168 4048 r<
1187 3985 1326 4050 oniniuo
1343 3989 1432 4050 sunt.
1458 4007 1473 4044 »

1196 4089 1461 4170 Οθθθὶο,8θηθῐί
1476 4091 1668 4180 pradicant.
1687 4091 1868 4160 Ansehnus
1886 4095 1919 4158 in
1965 4083 1969 4098 ’

1151 4199 1383 4288 Proaolopio:
1418 4223 1432 4262 u
1475 4197 1648 4266 Credimus
1682 4207 1725 4282 te,
1759 4201 1916 4278 Domine,

1154 4335 1169 4370 «
1188 4329 1258 4374 θεεθ
1279 4305 1419 4400 aliquid,
1436 4329 1503 4402 quo
1526 4307 1609 4374 nihil
1640 4309 1748 4398 majus
1778 4311 1919 4398 cogitari
1963 4315 1964 4318 ’

1154 4413 1305 4504 «possit.
1327 4441 1341 4474 u
1355 4413 1536 4502 Dionysius
1556 4433 1563 4482 ε
1583 4421 1598 4476 u
1617 4413 1696 4482 Esse
1706 4419 1857 4482 onmium
1869 4425 1919 4482 est

1156 4521 1516 4610 «supersubstantialis
1533 4521 1690 4590 divinitas
1709 4543 1715 4586 :
1733 4549 1746 4584 u
1774 4523 1832 4590 sed
1856 4521 1924 4590 hoc

1154 4627 1353 4718 intelligitur
1388 4629 1576 4706 causaliter,
1616 4651 1685 4696 non
1721 4627 1917 4716 formaliterss

1156 4737 1333 4818 Praeterea,
1376 4737 1461 4802 sicut
1499 4735 1804 4812 dicitdnselmus,
1840 4736 1923 4802 illud

1157 4847 1302 4912 maxime
1317 4845 1417 4912 hahet
1438 4869 1522 4928 esse,
1541 4845 1631 4934 quod
1652 4845 1799 4910 maxime
1822 4845 1923 4914 distat

1157 4977 1176 5020 a
1196 4977 1263 5020 nou
1280 4977 1365 5034 esse,
1389 4953 1479 5042 qnod
1499 4953 1623 5022 scilieet
1642 4975 1710 5020 non
1733 4953 1833 5020 hehet
1854 4977 1924 5022 nou

1158 5085 1230 5130 esse
1250 5073 1325 5152 post
1351 5085 1434 5136 esse,
1461 5085 1523 5130 nec
1546 5085 1617 5130 esse
1645 5071 1722 5152 post
1743 5083 1813 5128 nou
1838 5083 1922 5146 esse,

1158 5195 1218 5238 neo
1234 5179 1344 5260 potest
1360 5171 1498 5258 eogitari
1517 5193 1587 5236 non
1603 5193 1686 5236 esse.

1167 5279 1338 5358 :Quinto
1357 5277 1464 5344 Deum
1482 5301 1553 5344 esse
1578 5285 1737 5346 creaturae
1763 5278 1920 5346 clamant.

1158 5385 1279 5454 Omnia
1294 5409 1440 5472 namque
1456 5409 1516 5452 suo
1544 5385 1644 5452 modo
1666 5385 1798 5452 dicunt:
1829 5385 1927 5464 Quo*

1157 5497 1248 5562 uiam
1279 5497 1347 5584 ipse
1366 5493 1443 5560 fecit
1477 5515 1549 5570 noe,
1585 5501 1617 5558 et
1642 5515 1712 5558 non
1735 5493 1799 5582 ipsi
1818 5505 1920 5558 nost

1157 5601 1231 5690 lpse
1247 5601 1334 5668 euim
1355 5599 1447 5668 Deus
1463 5607 1511 5666 est
1526 5623 1594 5666 Vox
1609 5607 1749 5678 naturae,
1766 5621 1833 5688 que
1848 5623 1921 5668 oru-

1159 5847 1215 5888 nes.
1247 5879 1253 5886 .
