4250 6376
534 559 1101 656 (tourannuranonoerou
1125 589 1359 656 vanrrnrrs
1386 589 1469 656 rna.
1496 589 1521 656 r.
1771 585 1827 656 ra

276 753 372 832 Item,
399 757 529 826 Dicitur
555 757 738 846 spiritualis
762 761 888 836 unctio,
921 759 1002 848 quia

233 885 350 932 onrnes
387 865 621 930 tribulationes
659 865 849 934 mundanas
881 889 1003 932 suaves

232 973 321 1048 lacit,
344 981 375 1038 et
395 973 574 1060 jucundae,
597 973 783 1040 seeundum
802 973 886 1040 illud
904 995 911 1036 ι
927 999 943 1036 (ε
965 973 1003 1038 ln

233 1081 348 1162 labore
369 1083 513 1172 requies,
532 1081 567 1148 in
585 1089 668 1148 aestu
688 1081 879 1170 temperies
903 1087 1001 1148 etc.»

278 1189 375 1266 Item,
417 1189 545 1256 Dicitur
583 1189 728 1256 dexterae
765 1189 825 1254 Dei
863 1189 1002 1276 digitus,

235 1297 313 1386 quia
337 1299 423 1366 sicut
442 1299 635 1388 corporales
661 1321 713 1364 res
740 1297 844 1386 digito
861 1297 1005 1364 demon-

233 1415 391 1488 strantnr,
443 1409 488 1474 ita
538 1431 597 1498 per
640 1407 804 1496 Spiritum
851 1413 1003 1474 sanctum

233 1513 455 1582 ostenduntur
498 1537 550 1582 res
585 1513 777 1604 spirituales
810 1513 908 1580 oculo
939 1513 1004 1602 spi-

233 1621 357 1690 rituali.

277 1729 373 1804 ltem,
405 1729 536 1796 Dicitur
562 1729 787 1808 Paracletus¹‚
817 1731 896 1818 quia
920 1753 1005 1796 eorr-

233 1836 415 1904 solationes
450 1837 603 1904 ooelestes
646 1837 816 1908 mentibus
850 1837 1001 1904 instillat.

232 1945 329 2026 Item,
358 1945 599 2034 magistrorum
620 1945 783 2032 optimuS,
809 1947 888 2036 quia
904 1945 1004 2012 intel-

231 2053 358 2116 leolnm
375 2051 417 2118 ad
440 2051 496 2118 Dei
526 2053 758 2140 cognitionem
782 2061 815 2120 et
830 2053 881 2120 sui
896 2053 1002 2144 ipsius

66 2203 80 2238 a
230 2159 414 2228 illuminat.

68 2255 76 2288 'l

66 2575 80 2672 l
512 2601 658 2670 onear
680 2603 726 2674 x.

68 2691 80 2732 tl

66 2753 110 2798 rt'

68 2819 74 2860 t

218 2821 270 2884 ,Iu
289 2809 452 2884 Triiaitate
474 2839 700 2908 personarum
725 2819 839 2884 unitas
855 2827 1002 2884 essent-te

591 2935 650 2992 esi.

277 3239 316 3304 ln
353 3241 481 3306 unitate
509 3247 636 3306 naturae
676 3239 798 3306 divinae
827 3247 894 3306 tres
928 3249 1006 3308 sunt

235 3361 435 3436 personae2:
473 3371 616 3438 quarum
640 3349 751 3438 prima
776 3355 825 3416 est
852 3373 871 3414 a
900 3349 1004 3430 nulla,

239 3455 385 3522 securrda
414 3463 463 3522 est
500 3479 560 3544 per
591 3457 844 3546 generationem
883 3479 903 3522 a
935 3459 1007 3526 sola

240 3563 361 3650 prima,
383 3563 489 3628 tertia.
509 3571 558 3628 est
577 3585 636 3650 per
660 3585 878 3630 oonrmunem
899 3565 1008 3652 spira-

71 3669 227 3786 llffiillsssseffi
241 3671 369 3740 tionem
385 3675 541 3762 aprima,
558 3679 591 3738 et
607 3671 763 3740 secunda.
786 3671 879 3740 Istud
896 3679 1008 3742 lamen

96 3797 194 3850 divinis.
242 3781 288 3848 sio
317 3787 378 3858 est,
406 3779 496 3868 qnod
513 3779 659 3844 Trinitas
687 3801 911 3868 personarum
940 3803 1009 3848 non

74 3975 76 3982 p
113 3861 182 3914 nora.
242 3889 387 3956 excludit
410 3889 451 3956 ab
471 3889 616 3956 essentia
641 3891 818 3966 unitatem,
845 3889 1010 3976 simplici-

239 4003 356 4074 tatem.
374 3995 647 4078 immensitatem,
665 3997 897 4082 eternitatem,
914 4003 945 4062 et
959 3997 1010 4064 in-

239 4105 587 4174 commutabilitatem.
615 4105 724 4192 Hujus
750 4107 834 4172 ratio
852 4097 922 4194 'per
946 4105 1011 4176 hoc

134 4219 137 4222 ’
239 4221 342 4304 patet,
361 4217 439 4302 qnia
455 4213 512 4302 qui
528 4213 677 4280 crederet
695 4211 806 4280 Deum
827 4237 896 4280 non
911 4235 1011 4302 posse

239 4345 274 4388 se
305 4325 567 4400 communicare,
600 4329 738 4414 negaret
764 4323 799 4388 in
824 4345 864 4390 eo
893 4331 1012 4412 poten·

238 4431 333 4498 tiam.
353 4429 419 4508 Qui
434 4453 515 4498 raro
543 4431 693 4498 crederet
717 4429 783 4498 hoc
803 4453 881 4498 enm
897 4451 1008 4520 posse,

240 4539 298 4604 sad
327 4539 465 4618 nescire,
498 4545 638 4626 negaret
665 4539 700 4604 in
726 4561 765 4604 eo
796 4537 1008 4626 sapientiam.

242 4645 307 4724 Qui
327 4647 475 4714 crederet
491 4669 568 4714 eum
583 4645 648 4714 hoo
668 4669 779 4736 posse,
793 4655 825 4714 et
841 4649 938 4730 scire,
954 4649 1013 4714 sed

74 4771 108 4822 sn
120 4783 225 4846 aterno,
241 4755 343 4838 nollo,
362 4755 416 4822 ille
435 4761 573 4846 negaret
593 4757 627 4820 in
647 4779 687 4824 eo
710 4757 907 4822 bonitatem.
926 4755 1011 4824 Cum

74 4837 225 4970 ,ffilSSJfffsg
242 4863 345 4952 igitur
359 4861 460 4930 Pater
482 4865 642 4954 potnerit,
665 4867 810 4946 sciverit,
840 4873 872 4932 et
891 4863 1011 4938 volue-

73 4965 225 5086 ”illllllje
243 4971 285 5054 rit
318 4993 352 5038 se
383 4993 514 5038 summe
549 4973 811 5050 communicare,
842 4969 907 5038 boo
936 4971 1012 5040 lecit

73 5097 214 5148 nominant.
242 5077 453 5154 aeternaliter,
472 5079 597 5146 scilicet
617 5077 771 5146 habendo
797 5077 1011 5146 dilectionem

118 5167 183 5210 we·
242 5193 274 5252 et
298 5185 467 5264 dilectum,
493 5185 558 5254 hoc
580 5197 630 5254 cst
650 5187 773 5252 Filium
793 5195 825 5254 et
846 5185 1010 5276 Spiritum

195 5377 196 5380 Ἴ
240 5299 405 5362 sanctum.

284 5403 462 5482 Praeterea,
486 5401 594 5468 Omne
620 5401 748 5476 bonum
770 5411 819 5470 est
839 5403 890 5470 sui
908 5401 1009 5468 dillu-

239 5507 364 5590 sivum,
395 5519 432 5578 ut
460 5511 539 5578 dicit
567 5511 750 5602 Dionysius
783 5511 902 5578 :unde
930 5533 1008 5578 oum

239 5617 339 5686 Pater
359 5619 401 5686 sit
415 5617 491 5686 lons
510 5617 684 5698 bonitatis,
703 5619 871 5686 emanatio
889 5617 950 5686 erit
965 5617 1006 5684 ab

272 5875 279 5912 ¹
295 5881 307 5932 1
321 5877 403 5934 toan.
417 5889 444 5946 v,
465 5875 480 5928 7
497 5891 503 5930 :
524 5875 587 5930 Tres
601 5881 665 5930 sant
675 5873 725 5944 qai
736 5873 925 5932 testimoniam
939 5875 1007 5934 daut

236 5967 265 6022 iu
279 5967 344 6022 roto
360 5983 368 6020 :
385 5969 474 6036 Peter,
494 5967 622 6036 Verbum,
638 5971 665 6022 et
689 5967 808 6038 Spiritus
820 5977 949 6024 sanctas:
980 5977 1006 6024 et

66 5893 114 5986 k

1060 763 1133 848 ipso
1166 759 1421 850 perfectissima,
1452 781 1527 848 qnae
1561 761 1611 826 est
1643 761 1826 850 generatio.

1059 865 1131 932 Erit
1151 869 1253 932 etiam
1280 865 1449 932 emanatio
1474 865 1732 952 jucundissima,
1756 887 1829 954 qnae
1873 937 1875 940 ,

1061 979 1110 1038 est
1125 995 1185 1060 per
1210 973 1349 1038 modurn
1374 973 1589 1060 benignitatis
1606 981 1637 1038 et
1650 973 1830 1038 liberalita-

1061 1081 1102 1148 tis
1127 1079 1225 1148 :baec
1246 1087 1359 1148 autem
1383 1081 1552 1148 emanatio
1574 1087 1749 1158 cinerosi,
1772 1077 1830 1168 qui

1061 1197 1109 1256 est
1122 1189 1272 1278 'Spiritus
1290 1197 1460 1258 sanctusa
1484 1189 1583 1258 Patre
1600 1199 1631 1258 et
1651 1191 1735 1258 Filio
1750 1211 1832 1278 pro-

1060 1299 1194 1366 cedens.
1223 1299 1267 1366 Et
1292 1299 1522 1368 benedicitur
1551 1321 1647 1366 amor
1663 1299 1830 1366 emanatio
1848 1309 2004 1384 Liberalitas

1060 1407 1270 1474 liberalitatis
1294 1409 1401 1498 :quia
1425 1431 1519 1474 amor
1538 1411 1686 1498 primum
1703 1407 1831 1474 donum
1886 1375 1989 1424 arnna.

1061 1521 1122 1596 est,
1142 1513 1266 1604 quoda
1292 1513 1491 1582 liberalitate
1513 1513 1674 1604 procedit,
1691 1537 1769 1594 cum
1790 1515 1830 1580 sit

1061 1621 1191 1688 donum
1205 1621 1422 1690 intrinsecum
1439 1623 1473 1690 in
1484 1619 1682 1714 ipso'dante,
1700 1623 1736 1690 in
1751 1645 1827 1712 quc,

1060 1729 1187 1798 scilicet
1207 1753 1334 1810 amore,
1357 1733 1470 1798 omnia
1487 1730 1551 1798 alia
1567 1731 1748 1798 donantur.

1103 1837 1183 1906 llaec
1204 1839 1300 1904 beata
1319 1837 1462 1904 Trinitas
1477 1837 1584 1906 tribus
1601 1837 1710 1904 modis
1731 1835 1828 1904 nobis
1844 1843 1926 1896 Beata
1952 1847 2008 1896 Tri·

1058 1945 1249 2014 innotesoit.
1272 1945 1349 2034 lpsa
1364 1947 1455 2012 enirn
1469 1953 1560 2036 patet
1574 1947 1609 2012 in
1631 1945 1824 2034 Scriptura,
1842 1909 2007 2030 illffreiillis

1058 2053 1245 2122 ostenditur
1261 2055 1295 2120 iu
1311 2055 1437 2146 figaria,
1457 2055 1579 2122 relucet
1596 2057 1630 2122 in
1650 2059 1823 2122 creaturis.
1843 2039 2007 2148 “ldollfflff

1035 2179 1038 2184 '
1102 2161 1231 2244 Primo,
1263 2163 1413 2252 inquam,
1448 2161 1543 2230 beata
1562 2163 1705 2230 Trinitas
1734 2171 1826 2254 patet
1841 2161 1919 2234 heare
1948 2163 2005 2236 ra-

1058 2275 1092 2338 in
1114 2271 1305 2362 Scripturis.
1328 2271 1424 2338 Unde
1445 2269 1515 2338 Leo.
1527 2271 1620 2362 Papa
1641 2293 1647 2338 :
1673 2261 1826 2340 «Credi-
1841 2227 2007 2338 npppgeppta

1065 2409 1079 2446 o
1100 2401 1174 2446 mus
1194 2385 1345 2446 sanctam
1374 2379 1582 2458 Trinitatem,
1597 2405 1599 2408 ·
1614 2377 1763 2458 Patrem,
1795 2385 1827 2446 er
1878 2353 1962 2416 aum?

1061 2487 1236 2566 «Filium,
1264 2495 1301 2554 el
1325 2485 1488 2574 Spiritum
1520 2493 1686 2566 sanctum,
1721 2509 1827 2554 unum

1061 2625 1075 2660 n
1099 2595 1212 2662 Deum
1237 2595 1517 2686 omnipotentem,
1545 2597 1645 2662 unius
1670 2593 1828 2662 snbstan-

957 2785 959 2788 .
1059 2731 1075 2770 a
1098 2705 1165 2788 tiae,
1184 2707 1284 2770 unius
1301 2705 1467 2782 essentiae,
1489 2705 1588 2784 unius
1604 2703 1791 2792 potestatis.
1811 2715 1827 2768 n

1058 2809 1155 2890 Item,
1182 2807 1286 2874 Isaias
1311 2809 1439 2874 audivit
1457 2807 1635 2896 Seraphim
1657 2815 1707 2874 ter
1721 2809 1831 2874 dioen-

1058 2917 1105 2982 tia
1118 2935 1125 2980 :
1136 2917 1295 2992 Sanctae,
1309 2915 1469 2994 Satiatur,
1479 2915 1680 2994 Scantinia
1698 2913 1833 2980 landem

1059 3023 1164 3090 beatae
1190 3015 1373 3106 Trinitatis,
1395 3023 1634 3112 subjungentia
1659 3025 1695 3090 in
1715 3023 1833 3106 singu-

1058 3133 1146 3200 lari:
1174 3133 1347 3198 Dominnc
1373 3133 1464 3198 Deus
1484 3133 1692 3198 caeercituum
1706 3131 1728 3214 ³,
1750 3151 1833 3220 pro-

1058 3247 1133 3330 pter
1161 3239 1409 3306 contessionem
1439 3241 1576 3306 unitatis
1601 3239 1755 3306 essentiae
1780 3237 1832 3304 di-

1059 3349 1158 3416 vinae.
1183 3347 1220 3414 Si
1239 3371 1328 3436 ergo¹
1344 3371 1414 3414 non
1440 3355 1551 3414 essent
1574 3355 1640 3414 tres
1661 3369 1827 3438 personae,

1061 3481 1130 3524 non
1145 3457 1311 3526 diceretur
1326 3457 1360 3522 in
1376 3457 1510 3536 Genesi,
1528 3481 1550 3534 1,
1568 3457 1628 3522 26:
1646 3457 1830 3524 Faciamus

1060 3565 1230 3632 bominem
1246 3565 1293 3628 od
1315 3565 1500 3652 imaginem
1516 3573 1553 3630 et.
1565 3563 1829 3630 similitudinem
1934 3635 1936 3638 ,

1061 3683 1225 3748 nostram,
1253 3671 1311 3736 sed
1339 3691 1479 3736 meam:
1506 3679 1539 3736 et
1561 3679 1641 3738 tuno
1665 3673 1694 3738 si
1719 3679 1830 3738 essent
1874 3695 1988 3748 Trinitas

1061 3787 1127 3848 tres
1142 3801 1306 3868 persona,
1329 3783 1361 3844 et
1380 3799 1449 3844 non
1472 3801 1539 3846 nna
1559 3779 1745 3846 substantia
1758 3801 1828 3844 non
1857 3775 1983 3824 persona·

1845 3837 1902 3874 rum
1913 3839 1940 3874 ll]
1952 3841 2010 3874 uut-

1063 3887 1227 3954 dioeretur
1247 3887 1295 3952 ad
1308 3887 1503 3976 imaginem,
1530 3889 1588 3954 sed
1604 3889 1644 3954 ad
1664 3889 1829 3978 imagines
1844 3889 1898 3940 tate
1918 3903 2010 3962 ‚⁰⁵³0ss-

1307 3999 1313 4010 ,
1711 3997 1716 4010 ,
1796 3999 1801 4010 ,
1904 3955 1957 4002 lrae.

1062 4005 1208 4064 nostras.
1233 3997 1339 4064 nd1d
1367 3997 1613 4066 ostendendum
1637 4005 1829 4088 ponrtur'm

1063 4105 1201 4174 Psalmo
1222 4107 1347 4188 nxvu‘l
1368 4115 1400 4174 et
1422 4109 1453 4184 8,
1475 4115 1524 4174 ter
1548 4105 1652 4184 Deua,
1682 4129 1759 4174 cnm
1779 4105 1832 4174 di-

1064 4219 1174 4284 citur:
1198 4217 1382 4282 Benedicat
1394 4239 1455 4282 aas
1470 4219 1574 4294 Deae,
1592 4217 1684 4282 Deus
1705 4225 1828 4294 noster,

1067 4323 1239 4390 benedicat
1272 4347 1331 4390 nos
1358 4327 1451 4390 Deus
1479 4345 1490 4390 .·
1520 4331 1553 4390 et
1579 4331 1694 4392 tamen
1724 4327 1833 4392 solnm

1064 4435 1202 4522 ponitur
1230 4429 1294 4498 boc
1323 4453 1523 4520 pronomen,
1553 4455 1642 4516 euru,
1675 4431 1733 4498 ubi
1758 4431 1834 4498 sub-

1061 4543 1242 4628 jungitur:
1263 4541 1311 4604 Et
1335 4547 1488 4606 metuant
1511 4561 1588 4606 earn
1614 4561 1727 4606 omlnes
1749 4539 1833 4628 fines

1066 4655 1172 4714 terrea.
1190 4645 1288 4724 Item,
1305 4643 1430 4714 Jerem.
1448 4669 1470 4724 1,
1487 4647 1505 4710 li
1522 4667 1529 4712 :
1546 4645 1587 4728 Α,
1607 4669 1639 4726 a,
1658 4671 1690 4730 a,
1712 4647 1832 4712 Domi-

1045 4775 1106 4828 ne
1120 4753 1224 4830 Deua,
1242 4753 1434 4840 encenescio
1462 4753 1567 4840 loqui.
1593 4753 1680 4818 Vide
1703 4753 1793 4844 quod
1813 4777 1833 4820 a

1064 4859 1257 4948 triplicavit,
1276 4861 1358 4926 etin
1379 4859 1541 4948 singulari
1561 4861 1639 4928 dicit
1661 4885 1668 4928 :
1689 4863 1834 4928 Domine

1064 4973 1169 5056 Deae,
1183 4969 1273 5060 qnod
1289 4977 1383 5038 notat
1397 4969 1595 5038 Trinitatem
1610 4977 1641 5038 et
1656 4973 1829 5038 unitatem.

1063 5077 1159 5156 Item,
1181 5079 1378 5168 Apostolus
1400 5077 1440 5146 ad
1456 5079 1599 5146 Roman.
1618 5095 1663 5160 xr,
1682 5081 1723 5146 36
1745 5101 1752 5146 :
1774 5083 1830 5146 Ea

1064 5187 1149 5276 ipso,
1171 5197 1202 5254 et
1213 5211 1275 5278 per
1299 5189 1422 5276 ipsam,
1445 5197 1475 5254 et
1503 5189 1539 5254 io
1559 5189 1631 5278 ipso
1655 5197 1734 5254 saint
1754 5209 1829 5254 om-

1061 5297 1120 5380 nia
1136 5319 1146 5362 .·
1164 5297 1229 5386 ipsi
1242 5293 1357 5384 ploria
1373 5297 1407 5360 ia
1420 5293 1557 5362 saecula.
1575 5295 1617 5360 Et
1631 5301 1723 5374 nota,
1737 5295 1828 5384 quod
1850 5349 2005 5416 anpraepo-

1060 5401 1134 5470 haeo
1152 5403 1338 5492 propositio
1355 5425 1406 5484 ea,
1427 5401 1506 5468 dicit
1526 5403 1771 5488 auctoritatem,
1795 5411 1827 5472 et
1856 5415 1925 5470 sino,
1941 5415 2004 5476 quta

1173 5509 1175 5512 -
1631 5515 1637 5526 .
1737 5515 1794 5532 ,.
1886 5477 1974 5528 dicat?

1061 5535 1132 5578 esse
1149 5513 1275 5580 anullo
1295 5537 1301 5580 :
1327 5513 1392 5578 boo
1416 5521 1527 5578 autem
1547 5511 1639 5578 Patri
1655 5521 1823 5596 conuenit,
1933 5539 1949 5542 ¹·

1061 5625 1118 5710 qui
1144 5633 1194 5692 est
1218 5623 1430 5712 principium,
1462 5625 1532 5692 sine
1554 5623 1730 5714 principio.
1760 5623 1827 5692 Sed

1061 5875 1090 5932 bi
1106 5881 1161 5930 tres
1175 5881 1341 5932 aaarnsant.

1100 5967 1110 6002 2
1127 5969 1182 6022 Iso.
1199 5983 1234 6036 vr,
1252 5967 1277 6020 3.
