4258 6384
309 477 350 544 68
806 481 846 546 D.
875 479 971 546 ALB.
999 479 1106 546 MAG.
1133 477 1234 544 otte.
1261 471 1407 540 PRAED.

309 651 462 734 perantia
485 651 520 716 in
550 651 816 742 concupiscibili,
849 657 880 716 et
914 649 1075 718 fortitudo

311 757 444 826 inirasr
448 759 580 842 ibili,t
548 769 580 828 et
599 763 701 828 siode
722 761 807 828 aliis.

136 891 227 942 varias
248 903 296 940 aa·
358 865 439 936 Secu
436 869 549 936 andum
567 871 657 960 quod
686 873 737 936 ris
763 877 831 936 mot
835 871 888 934 iva
908 867 1074 936 sensibilis

165 957 269 1076 ᾖῇᾖῇᾖῇᾖῇὴ
312 985 427 1042 irroret
447 975 723 1066 corporaliter,
699 1003 745 1044 sic
766 977 957 1044 diuiditur
951 1003 984 1044 m
1005 981 1073 1044 vir-

146 1053 278 1178 aaanans'.
309 1089 358 1148 tut
326 1093 417 1150 utem
437 1085 638 1164 naturalem,
660 1087 798 1152 vitalem
818 1095 850 1152 et
866 1087 1072 1152 animalem:

310 1213 450 1278 quarum
467 1197 575 1282 prima
592 1195 692 1262 situm
713 1217 813 1260 suurn
833 1193 938 1260 habet
959 1195 992 1260 in
1012 1193 1076 1260 he-

306 1307 394 1386 pate,
420 1309 456 1368 ut
475 1303 509 1368 in
536 1303 692 1392 proximo
716 1303 892 1392 principio,
915 1323 992 1368 anm
1012 1301 1076 1390 pri·

306 1427 400 1484 nrum
422 1409 624 1500 principium
653 1419 702 1476 est
732 1433 789 1476 car
824 1433 832 1480 ε
860 1407 1006 1476 secunda
1040 1411 1074 1476 in

306 1515 405 1582 corde
428 1539 434 1582 :
458 1519 553 1584 tertia
573 1519 607 1584 in
637 1521 755 1608 capite,
787 1525 824 1584 ut
853 1519 887 1582 in
916 1517 1074 1604 proximo

305 1623 482 1712 principio,
530 1633 644 1692 tamen
686 1627 834 1714 primum
868 1625 1074 1714 principium

305 1737 353 1794 est
374 1751 441 1800 aar.
465 1731 576 1798 Virtus
593 1735 683 1800 enim
701 1731 864 1800 naturalis
880 1739 930 1800 est
946 1733 1075 1800 motiva

305 1835 500 1916 barinorum,
518 1841 630 1908 uitalis
655 1843 784 1908 motiva
799 1841 973 1930 pulsuum,
998 1841 1074 1908 ani-

304 1947 402 2012 malis
420 1951 545 2016 factiva
563 1949 807 2016 naenrbrorum.

348 2055 498 2122 llicimus
535 2079 629 2146 ergo,
652 2057 743 2146 qaod
766 2061 873 2124 virtus
905 2057 1068 2124 naturalis

304 2169 352 2226 est
377 2163 505 2230 motiva
528 2163 709 2232 hamarum
733 2163 957 2232 mediantibus
987 2173 1072 2230 arte-

301 2269 371 2346 riis
389 2279 421 2336 et
438 2271 542 2348 arenis,
578 2295 651 2362 quea
678 2273 868 2338 radicantur
890 2273 924 2338 in
948 2271 1068 2362 hepate

300 2379 486 2444 secandum
508 2379 684 2454 Gelonem,
709 2381 765 2448 sed
782 2381 966 2448 secuudum
986 2381 1068 2446 ‘Ait-

300 2487 454 2552 stotelem
472 2489 661 2556 audiaantur
689 2493 723 2556 in
740 2489 851 2566 carde,
873 2499 906 2556 ct
922 2487 986 2556 bac
1011 2513 1076 2578 per

299 2595 454 2682 spiritum
482 2595 681 2664 natrrralam.
704 2597 764 2662 Est
793 2607 906 2662 autem
932 2595 1069 2684 spiritus

299 2703 472 2780 naturalis,
491 2703 679 2772 substantia
698 2703 843 2784 subtilis,
866 2713 900 2772 et
916 2727 1014 2772 aerea
1033 2705 1067 2772 vi

195 2835 197 2840 a
299 2811 416 2876 caloris
428 2811 462 2876 in
477 2811 575 2878 corde
591 2821 761 2902 perscruta,
780 2811 850 2880 haec
866 2815 1066 2902 sanguinem

299 2919 339 2982 ad
356 2917 486 3008 singula
507 2919 660 2986 membra
679 2919 833 3010 impellit,
851 2943 892 2986 ea
913 2943 979 3010 quo
998 2943 1067 2988 cor-

298 3045 361 3108 pus
377 3031 565 3114 vegetatur.

339 3129 455 3198 Virtus
494 3135 606 3202 vitalis
643 3143 691 3202 est
739 3135 864 3202 motiva
888 3135 1065 3224 'pulsuum

298 3239 522 3308 mediantibus
542 3245 683 3322 arteriis,
716 3267 790 3332 quea
819 3243 1065 3312 radicanturin

296 3347 408 3414 corde.
437 3347 582 3438 Spiritus
617 3359 727 3418 autern
757 3351 869 3416 vitalis
900 3359 951 3418 est
974 3351 1064 3416 idem

295 3453 399 3542 quiet
417 3457 591 3524 naturalis.
606 3459 699 3524 Idem
716 3459 789 3524 dico
810 3459 1062 3540 insubstantia,

293 3563 352 3630 sed
368 3565 523 3634 dillercns
541 3567 575 3634 in
592 3571 726 3646 virtute,
746 3591 819 3656 quae
849 3575 881 3634 et
901 3567 1063 3636 naturalis

291 3679 353 3750 est,
372 3671 426 3740 hia
446 3697 504 3762 per
530 3677 668 3742 arterias
697 3675 739 3742 ad
769 3675 921 3742 membra
947 3699 1065 3764 corpo-

293 3781 337 3846 ris
361 3803 396 3846 se
426 3781 627 3864 diffundens
647 3785 797 3878 vit-'ilicet
811 3769 1063 3874 ipsumaorpus

294 3895 468 3976 tamquam
489 3891 762 3960 instrumentum.

340 3997 456 4062 Virtus
478 3997 632 4066 animalis
661 4005 709 4066 ost
741 3999 870 4066 motiva
891 3999 1062 4066 [nembro-

298 4131 372 4172 rnm
397 4107 622 4176 mediantibus
637 4109 760 4190 neruis,
793 4109 850 4198 qai
871 4107 1021 4176 radicant
1010 4117 1064 4174 tor

299 4215 333 4280 in
356 4217 426 4304 oapi
430 4223 491 4284 tte
514 4223 546 4282 et
533 4215 632 4284 thoo
665 4241 728 4306 per
756 4217 1062 4306 spiritumanima-

151 4335 264 4410 Sptrttqs
299 4321 399 4386 lam.
414 4323 474 4388 Est
464 4329 610 4388 tantem
640 4331 735 4414 spru
740 4345 777 4390 us
722 4323 953 4390 animalis
973 4323 1063 4390 adem

134 4401 272 4528 ᾖῇᾖὲᾖξῇῗι
301 4431 410 4520 quiet
428 4431 601 4510 naturalis,
620 4442 650 4500 et
678 4431 801 4510 vitalis,
822 4431 880 4500 sed
900 4435 1065 4500 araneolis

301 4541 378 4608 dicit
367 4547 420 4608 tur
440 4563 515 4608 cum
545 4539 586 4608 ad
612 4541 784 4608 cerebram
801 4539 863 4608 der
845 4545 984 4608 venerit.
959 4543 1065 4608 allia

299 4651 425 4718 caeteris
449 4647 603 4716 subtilior
626 4675 685 4740 per
716 4673 837 4718 nervos
866 4651 907 4716 ad
938 4673 1065 4740 organa

299 4759 463 4826 sentiendi
491 4759 656 4848 dirigitur,
689 4767 725 4826 ut
753 4781 873 4824 sensus
894 4767 927 4826 et
951 4767 1064 4826 motus

299 4869 483 4936 secundnm
512 4869 624 4936 locum
663 4869 781 4936 exinde
815 4877 995 4958 generetur
1029 4869 1064 4936 in

298 4999 437 5068 corpore
452 4979 618 5054 animalia.

342 5085 437 5152 Circa
451 5087 538 5152 uires
553 5087 633 5154 istas
650 5085 792 5176 denique
809 5085 982 5152 sciendum
1000 5093 1059 5168 ast,

297 5195 387 5284 qood
403 5217 478 5262 curra
495 5197 633 5262 uirtutes
651 5194 812 5262 animales
828 5195 1060 5278 intenduntur,

295 5313 374 5372 tuno
392 5303 560 5372 naturales
577 5307 796 5386 remittuntur
814 5331 820 5370 ε
841 5315 978 5394 parapter
998 5305 1062 5370 lroa

293 5413 328 5478 in
348 5413 495 5480 ‘homine
519 5415 628 5480 dedito
657 5415 768 5480 studio
798 5415 850 5480 vel
872 5415 1062 5482 meditatio·

293 5523 406 5604 nibus,
428 5523 538 5590 minus
565 5529 723 5612 operatur
750 5525 857 5590 virtus
886 5523 1059 5602 nutritiva,

293 5633 545 5720 etgenerativa,
572 5641 604 5700 et
632 5633 895 5724 augmentative.
922 5633 972 5698 Ea
994 5655 1060 5724 qao

329 5867 336 5902 ²
353 5865 393 5922 Gt.
410 5865 445 5920 lll
462 5869 528 5938 Reg.
546 5867 645 5936 m,12.

1127 655 1230 738 patet,
1250 643 1341 734 qnod
1360 639 1632 730 concupiscentia
1652 637 1760 704 carnis
1776 631 1897 700 doma·
1913 657 1961 710 vj,
1976 663 2055 720 ,nmio

1128 765 1182 822 tur
1197 757 1231 820 in
1257 755 1329 818 viro
1359 749 1521 816 studioso.
1540 747 1638 816 Unde
1668 747 1712 810 ait
1732 743 1895 832 Hierony·
1913 739 2053 846 ἓῇᾖῃῇᾖῇᾖῇῑ

1129 887 1205 930 mus
1223 885 1229 928 :
1249 889 1264 920 a
1286 861 1374 924 Ama
1389 857 1563 924 seientiam
1580 855 1842 942 Scripturarum‚
1866 855 1898 914 et

1131 999 1146 1032 a
1166 969 1273 1038 carnis
1306 969 1388 1032 vitia
1416 989 1487 1032 non
1515 965 1656 1032 amabis.
1690 963 1896 1026 »Praeterea

1129 1083 1264 1172 qnando
1292 1081 1434 1146 virtutes
1463 1077 1625 1142 animales
1663 1075 1895 1144 remittuntur,

1128 1187 1298 1256 naturales
1336 1185 1569 1264 intenduntur,
1609 1185 1695 1250 sicut
1736 1185 1828 1268 patet
1862 1177 1899 1240 in

1128 1321 1261 1378 saturno,
1280 1295 1337 1384 qni
1353 1291 1552 1360 describitur
1567 1315 1640 1358 esse
1664 1289 1758 1380 quies
1787 1287 1894 1354 virtu-

1127 1413 1199 1472 tum
1221 1403 1419 1470 animalium
1448 1425 1524 1468 oum
1541 1401 1731 1466 intensione
1760 1401 1895 1460 natura·

1127 1511 1224 1578 lium.

1369 2043 1514 2112 CAPUT
1541 2043 1647 2112 XLll.

1211 2261 1263 2326 De
1277 2259 1439 2346 potentiis
1460 2259 1584 2324 arrianae
1608 2257 1804 2324 rationalia.

1135 2593 1355 2662 Triasnnt
1322 2597 1521 2670 truanima
1541 2605 1578 2662 ut
1589 2597 1620 2664 ai
1623 2593 1890 2684 tPhilosophuS,
1919 2617 1947 2664 tn
1967 2615 2047 2668 anima

1121 2703 1245 2772 scilicet
1233 2705 1440 2792 tpotentire,
1467 2703 1615 2788 habitus,
1647 2715 1678 2772 et
1702 2705 1887 2796 passiones
1909 2681 2053 2808 ρῇᾖῇᾖῇιῇᾖῇᾖῇ

1121 2811 1161 2876 Et
1195 2811 1351 2900 potentiae
1382 2811 1517 2898 quidem
1548 2819 1626 2878 sunt
1658 2811 1794 2892 innatae,
1826 2811 1893 2876 ha-

1119 2917 1209 2984 bitus
1238 2927 1350 2984 autem
1389 2929 1467 2986 sunt
1508 2921 1663 3010 acquisiti
1695 2921 1749 2988 vel
1774 2919 1886 3000 inlusi,

1118 3027 1292 3116 passiones
1312 3049 1392 3092 vero
1428 3033 1506 3092 sunt
1541 3027 1640 3094 illatae
1669 3027 1722 3094 uel
1751 3027 1888 3094 innatae.

1161 3135 1306 3202 Habitus
1331 3135 1421 3200 enim
1455 3141 1533 3200 sant
1558 3135 1780 3224 acquisitiut
1800 3141 1892 3222 patet

1116 3243 1327 3318 inscientia,
1360 3249 1391 3306 et
1414 3243 1536 3306 virtute
1560 3243 1709 3330 politica.
1736 3241 1822 3308 Nam
1850 3265 1891 3306 ex

1116 3351 1283 3440 frequenti
1299 3349 1408 3414 studio
1425 3349 1528 3416 hamo
1541 3351 1684 3438 acquirit
1700 3351 1889 3426 seientiam,

1118 3467 1149 3526 et
1170 3483 1212 3526 ex
1235 3459 1400 3546 frequenti
1416 3459 1501 3524 bena
1527 3481 1626 3548 agere
1647 3459 1683 3524 lit
1711 3459 1815 3524 borno
1833 3457 1892 3524 bo·

1117 3591 1192 3652 nus,
1215 3567 1365 3634 bonitate
1397 3567 1531 3634 virtutis
1560 3567 1716 3654 politicae.
1747 3563 1833 3632 Sunt
1859 3573 1893 3632 et

1117 3675 1252 3742 habitus
1273 3675 1488 3764 quandoque,
1508 3699 1576 3740 non
1605 3697 1665 3764 per
1693 3673 1891 3764 acquisitio-

1117 3807 1208 3866 nem,
1226 3783 1284 3852 sed
1304 3793 1363 3872 per
1385 3783 1616 3852 inlusionem:
1652 3785 1737 3852 sicut
1758 3785 1891 3870 sapien-

1115 3897 1162 3960 tia
1190 3893 1252 3958 fnit
1280 3891 1389 3958 inlusa
1421 3891 1598 3958 Salomoni
1629 3893 1649 3974 ¹,
1685 3899 1716 3958 et
1749 3891 1890 3958 virtutes

1115 3999 1164 4064 Tlr
1168 3999 1325 4088 eologicae
1341 3999 1516 4064 conferunt
1505 4007 1558 4064 tur
1578 4007 1660 4088 quot
1651 3999 1727 4066 tidie
1739 3999 1890 4088 parvulis

1117 4111 1152 4174 in
1184 4107 1272 4198 bapt
1269 4131 1414 4190 rsmo,e
1398 4113 1494 4174 eett
1463 4107 1566 4174 etiam
1590 4107 1887 4196 pmnitentibusin

1112 4217 1383 4308 justificatione:
1403 4223 1434 4282 et
1463 4239 1504 4284 ex
1538 4181 2048 4304 aethusnangenc-E1hebd

2022 4255 2047 4314 a

1116 4333 1233 4392 rantur
1262 4323 1344 4390 tales
1377 4323 1525 4406 babitus,
1558 4323 1884 4412 sedpoliuseoon-
1899 4263 2046 4434 &diddiloni

1115 4459 1213 4504 terso
1253 4443 1345 4502 ext
1334 4435 1457 4502 talibus
1499 4435 1670 4502 habitibus
1708 4393 2046 4538 eticitcnariiiiveii}

1117 4545 1568 4632 boniaotusexpotteniis:
1592 4541 1887 4610 undeinbabiti-

1117 4651 1181 4718 bus
1214 4651 1385 4740 acquisitis
1435 4653 1599 4740 sequitur,
1649 4651 1766 4742 quales
1809 4655 1888 4716 sunt

1118 4770 1222 4840 actus,
1258 4761 1340 4826 tales
1369 4767 1446 4826 sunt
1476 4767 1507 4826 et
1528 4761 1674 4842 babitus,
1693 4761 1751 4828 sed
1779 4761 1814 4828 in
1829 4759 1888 4826 ha·

1116 4875 1242 4940 bitibus
1268 4873 1387 4938 inlusis
1415 4879 1464 4938 est
1499 4875 1719 4952 contrariam,
1746 4875 1884 4948 scilicet,

1118 4983 1233 5072 quales
1249 4989 1325 5048 sunt
1348 4981 1494 5058 habitus,
1516 4983 1599 5048 tales
1622 4989 1700 5048 sunt
1719 4991 1750 5050 et
1778 4989 1884 5052 actus.
1915 4977 1916 4980 ¹

1116 5091 1176 5158 Est
1204 5101 1317 5160 tamen
1350 5115 1482 5182 uerum,
1520 5093 1612 5180 quod
1641 5091 1728 5158 siout
1748 5091 1885 5160 habitus

1117 5201 1269 5290 acquisiti
1307 5205 1510 5288 generantur
1549 5223 1609 5288 per
1646 5207 1750 5280 aatuS,
1783 5199 1886 5266 itaet

1115 5317 1278 5398 generant
1306 5331 1365 5396 per
1386 5307 1547 5388 actiones,
1569 5309 1627 5376 sed
1656 5331 1725 5374 ιιιιιι
1746 5307 1886 5376 rnerito-

1116 5419 1195 5496 rias,
1217 5419 1253 5482 in
1270 5425 1435 5506 quantum
1451 5415 1548 5480 tales.

1160 5525 1340 5592 Passiones
1356 5529 1468 5590 autem
1489 5529 1568 5588 sant
1583 5523 1683 5590 illatae
1700 5523 1741 5590 ab
1762 5523 1884 5588 extrin-

1114 5655 1203 5700 seca.
1233 5631 1341 5698 Vacat
1375 5639 1486 5698 autem
1516 5631 1691 5720 passiones
1719 5629 1882 5698 'Philoso-
