4250 6376
296 477 336 542 so
790 475 831 542 n.
852 475 947 542 aun.
968 475 1074 544 uas.
1100 471 1200 540 ono.
1225 455 1371 546 ramo.

305 655 351 712 est
379 667 479 734 lienes
508 667 578 712 esse
600 645 758 736 logicum,
794 647 828 712 id
859 635 923 730 est,
964 649 1048 716 diltl·
1149 645 1419 712 blediacontinet
1441 641 1706 724 nominationes,
1730 637 1855 706 Princi-
1872 661 2005 736 alarona,

306 757 479 832 altionem,
510 757 586 842 qula
619 757 729 820 anima
776 757 946 822 rationalis
980 763 1052 824 est:
1108 763 1217 844 patus,
1239 763 1271 820 et
1287 755 1495 820 Potestates:
1520 775 1662 844 quorum
1682 745 1781 842 primi
1806 773 1858 816 re·
1905 727 1993 780 ml·

308 863 364 928 sed
391 861 538 952 Angelus
557 861 797 930 intellectualis.
828 863 950 930 Anima
969 867 1056 932 enim
1112 863 1314 956 guntollicia
1344 861 1578 954 Angelorum:
1605 871 1780 954 sequentes
1810 879 1862 930 ca-

309 967 524 1060 apprehendit
574 969 771 1060 inquirendo
814 979 845 1036 et
887 973 1059 1040 conteren—
1112 971 1399 1060 pitibuspraesunt
1421 969 1647 1060 populorum:
1679 971 1785 1036 ultimi
1807 991 1867 1060 po·

311 1077 379 1144 do:
404 1075 552 1166 Angelus
580 1101 658 1144 vero
685 1079 856 1146 intuendo.
882 1077 990 1144 Tertia
1013 1087 1061 1144 est
1115 1083 1265 1144 testatem
1291 1075 1441 1144 coercent
1469 1077 1671 1144 daemonum.
1712 1079 1808 1158 ltem,
1833 1079 1868 1144 in

309 1207 411 1276 penes
443 1207 514 1252 esse
547 1183 822 1276 metaphysicum
858 1185 891 1252 id
921 1195 981 1262 est,
1009 1209 1062 1252 se·
1115 1187 1231 1276 primis
1252 1185 1340 1252 Deus
1355 1185 1557 1266 dominatur,
1581 1195 1618 1254 ut
1642 1189 1870 1276 majestas:in

310 1295 964 1384 paratumamateriaetamotuzquia
996 1297 1064 1360 An·
1118 1297 1331 1384 sequentibus
1360 1295 1454 1384 regit,
1493 1303 1530 1362 ut
1574 1297 1807 1384 principatus:
1838 1297 1872 1360 in

285 1453 287 1456 -
314 1403 406 1494 gelus
430 1423 499 1468 non
521 1399 621 1468 hahet
641 1403 906 1492 passibilitatem,
932 1405 996 1468 nisi
1011 1427 1063 1470 re·
1120 1403 1245 1468 ultimis
1260 1409 1383 1482 tuetur,
1400 1407 1437 1466 ut
1464 1403 1567 1470 salus.

318 1519 432 1602 spectu
451 1513 1068 1604 superiorum:animaverorespeetu
1164 1509 1304 1576 Interior
1331 1509 1516 1578 hierarchia
1548 1513 1695 1578 similiter
1731 1515 1877 1580 continet
1932 1561 2008 1612 ronna

320 1621 527 1702 interiorum,
545 1623 622 1712 quia
646 1623 841 1690 immutatur
865 1647 883 1690 a
907 1621 1068 1690 sensibili·
1125 1627 1191 1686 tres
1207 1619 1352 1698 ordines,
1374 1619 1496 1686 scilicet
1508 1621 1670 1702 Virtutes,
1689 1621 1881 1714 Archange·
1894 1619 2014 1676 blerana

320 1733 394 1798 bus.
413 1729 536 1810 Quarta
557 1739 604 1798 est
618 1755 719 1822 penes
741 1757 811 1800 esse
833 1733 1072 1822 theologicum,
1128 1729 1192 1812 los,
1209 1725 1356 1818 Angelos
1373 1747 1380 1794 ε
1399 1727 1439 1794 ad
1456 1751 1599 1818 quorum
1627 1731 1753 1820 priores
1780 1731 1886 1822 perti-

323 1841 402 1930 quia
422 1841 532 1906 anima
546 1841 706 1908 vertibilis
728 1849 809 1908 esta
830 1843 920 1908 hono
943 1843 977 1906 in
1006 1863 1078 1908 ma·
1123 1847 1188 1926 ¹bet
1200 1837 1438 1906 miraculorum
1459 1843 1632 1930 operatio:
1657 1841 1698 1908 ad
1712 1843 1887 1920 secundos,

320 1949 403 2032 lum,
423 1957 453 2016 et
473 1933 693 2018 econtrario:
718 1950 866 2042 Angelus
892 1975 972 2018 vero
998 1975 1078 2036 non,
1135 1947 1302 2036 majorum
1344 1949 1558 2038 negotiorum
1599 1947 1828 2016 denuntiatio:
1853 1949 1893 2014 ad

322 2061 398 2150 quia
415 2067 525 2126 manet
545 2061 579 2126 in
595 2083 633 2126 eo
650 2059 691 2126 ad
720 2061 810 2148 quod
839 2083 874 2128 se
903 2065 1078 2138 conuertit,
1136 2055 1262 2136 tertios,
1281 2059 1437 2124 hnmanae
1459 2059 1619 2126 custodiae
1642 2059 1842 2128 sollicitudo.
1857 2059 1896 2124 ln

322 2173 392 2238 sive
412 2171 537 2236 bonum
567 2173 609 2236 sit
629 2169 721 2248 illud,
749 2173 818 2238 sire
843 2171 983 2238 malurn.
1011 2171 1083 2236 An·
1136 2165 1254 2254 primis
1274 2167 1362 2232 Deus
1379 2175 1550 2254 operatur,
1571 2175 1607 2234 ut
1626 2167 1755 2236 virtus:
1785 2167 1820 2234 in
1844 2191 1899 2234 se-

323 2281 585 2374 gelienimsunt
605 2281 864 2348 omn'essimiles
885 2281 919 2346 in
940 2281 1084 2370 eoquod
1139 2277 1254 2344 condis
1274 2277 1524 2358 lleusrevelat,
1555 2277 1593 2344 ut
1621 2277 1703 2344 lux:
1738 2279 1773 2344 in
1795 2279 1900 2344 tertiis

322 2389 543 2476 immortales,
560 2387 756 2466 invisibiles,
776 2399 807 2458 et
822 2389 1084 2472 indissolubiles,
1140 2387 1257 2470 mittit,
1277 2393 1314 2452 nt
1334 2385 1479 2476 spirans.
1628 2387 1629 2390 ’

322 2501 500 2590 simplices
524 2499 1087 2590 discretipersonb,incommuta·
1185 2495 1263 2562 Hac
1292 2495 1379 2562 dicta
1423 2503 1500 2562 sunt
1542 2495 1725 2562 seeundum
1769 2493 1904 2562 beatum
1969 2523 1971 2528 ’

320 2611 417 2692 biles,
448 2607 781 2676 incommunicabiles
806 2617 885 2676 sunt
908 2609 1002 2676 alteri
1026 2633 1085 2676 na·
1144 2605 1356 2696 Gregorium,
1383 2611 1416 2672 et
1458 2605 1642 2672 seeundum
1669 2603 1905 2670 Bernardum:

324 2727 407 2788 turae
422 2719 503 2786 :sed
516 2717 693 2786 dissimiles
710 2727 795 2786 sunt
807 2719 842 2785 in
863 2719 959 2786 donis
977 2719 1088 2808 gratiae
1144 2713 1202 2782 sed
1218 2715 1402 2782 secundum
1418 2713 1636 2804 Dionysium,
1665 2713 1817 2780 'Virtutes
1832 2719 1911 2778 sunt

326 2827 777 2896 etnaturae.Praetereadicit
792 2827 987 2920 Dionysius,
1001 2829 1092 2920 quod
1145 2825 1277 2890 medius
1312 2823 1392 2890 ordo
1434 2823 1590 2892 secundae
1638 2821 1846 2908 hierarchiae,
1883 2827 1914 2888 et

325 2941 464 3008 inonrni
484 2949 603 3008 natura
623 2941 789 3030 spirituali
810 2939 1025 3008 creataaliud
1046 2947 1094 3010 est
1148 2933 1362 3023 Principatus
1387 2935 1516 3022 primus
1538 2931 1619 2998 ordo
1652 2933 1756 2998 tertiae
1781 2929 1916 3004 hier-ar-

327 3048 1091 3136 essentia,alindostrinos,aliudestoperatio.
1121 3043 1248 3110 '‘chiar.
1870 3093 1871 3098 1

1195 3151 1258 3220 Hie
1293 3149 1548 3228 attendendum,
1580 3149 1671 3238 quod
1708 3151 1743 3216 in
1772 3147 1922 3238 qualibet

1154 3263 1256 3330 trium
1282 3259 1551 3330 hierarchiarum
1580 3259 1833 3346 praemissarum
1866 3283 1925 3324 no·

1154 3383 1244 3442 tatur
1263 3373 1395 3442 trinitas
1416 3371 1609 3440 divinarum
1638 3393 1873 3460 personarunt,
1891 3379 1929 3436 ut

589 3482 733 3550 CAPUT
753 3481 833 3550 Xll.
1154 3493 1247 3576 patet
1260 3485 1295 3550 in
1311 3483 1440 3550 coelesti
1459 3479 1661 3560 hierarchia,
1683 3485 1752 3546 ta'm
1774 3481 1932 3570 superiora

1156 3599 1197 3682 ri,
1217 3619 1316 3688 quam
1334 3595 1458 3674 media,
1477 3619 1580 3686 quam
1601 3595 1701 3660 eliam
1717 3593 1881 3664 inferiori.

332 3695 382 3762 De
393 3691 605 3760 dirlircctiena
617 3695 801 3760 coelestium
816 3691 1101 3760 literarchc'ernm.

174 4045 301 4106 Hieran,
379 4011 579 4082 Hicramhia
603 4013 809 4102 dipteron,
837 4013 965 4080 scilicet
991 4033 1108 4104 super·

209 4105 286 4158 ‘llae'
337 4127 491 4210 coelestis,
514 4125 669 4204 coelestis,
688 4133 720 4192 et
740 4123 957 4192 suhcaelestis.
986 4121 1113 4214 Super·
1415 4133 1561 4202 CAPUT
1598 4131 1694 4200 xpp

226 4171 286 4218 rol?

198 4187 226 4234 qr
338 4237 480 4306 coelestis
500 4243 553 4304 est
564 4237 598 4302 in
612 4233 720 4304 tribus
735 4235 903 4326 personis,
921 4243 960 4302 ut
975 4235 1113 4324 qnidam

338 4349 505 4432 dixerunt,
525 4357 557 4414 et
573 4347 685 4416 male:
710 4349 789 4438 qnia
817 4345 1006 4414 secundum
1029 4347 1115 4414 Dio·
1259 4357 1310 4420 Do
1337 4353 1607 4444 proprietalibus
1631 4353 1855 4444 Arcpelorom.

313 4471 315 4474 ’
339 4459 486 4548 nysium,
504 4453 693 4524 hierarchia
710 4457 791 4524 dicit
810 4455 978 4536 ordinem,
1004 4463 1036 4522 et
1057 4457 1114 4524 ille

340 4565 491 4632 absolute
511 4589 580 4632 non
597 4567 696 4632 estin
724 4567 833 4632 tribus
859 4567 1026 4654 personis,
1057 4567 1116 4634 sed

338 4675 576 4742 tantummodo
599 4683 647 4744 est
676 4675 759 4744 ordo
789 4681 935 4744 natura.
963 4675 1116 4744 Caelestis
1217 4677 1340 4768 Angeli
1357 4677 1545 4744 secundnm
1560 4677 1731 4744 isidorum
1757 4687 1837 4746 sunt
1853 4681 1950 4768 spiri·
1996 4725 2019 4774 b

341 4793 390 4852 est
405 4785 440 4848 io.
456 4783 632 4850 ordinibus
651 4779 837 4874 Angelicis,
861 4779 1119 4852 subcoelestisin
1172 4783 1281 4852 tuales
1296 4787 1388 4870 lacti,
1406 4783 1482 4852 ante
1499 4809 1639 4854 omnem
1655 4795 1848 4854 creaturam
1864 4813 1953 4858 crea·
1992 4801 2020 4898 lp

339 4891 537 4960 hominibus
558 4895 693 4960 sanctis.
1174 4897 1212 4980 ti,
1244 4903 1365 4962 natura
1394 4897 1575 4964 mutabiles
1605 4897 1746 4980 conditi,
1779 4897 1838 4964 sed
1871 4921 1956 4966 con·
2007 4885 2009 4890 ’

162 5017 319 5094 Hieroclis
386 5003 493 5068 Porro
509 5001 699 5070 hierarchia
723 5003 869 5070 coelestis
896 5003 1057 5074 dividitur
1086 5007 1122 5074 in
1175 5005 1398 5092 templatione
1439 5005 1671 5072 immutabiles
1710 5005 1801 5090 lacti,
1842 5009 1956 5074 animo

197 5099 291 5152 pana.
340 5113 565 5202 superiorem,
589 5113 737 5180 mediam
758 5121 789 5180 et
816 5113 1024 5182 inferiorem.
1053 5115 1122 5182 Su·
1178 5115 1419 5204 impassibiles,
1442 5123 1557 5182 mente
1577 5117 1775 5200 rationales,
1801 5115 1959 5184 felicitate

342 5221 454 5310 perior
471 5221 622 5288 continet
637 5229 706 5288 tres
723 5221 872 5302 ordines,
893 5213 1125 5290 scilicetGhe-
1178 5227 1302 5306 securi,
1320 5227 1514 5292 futurorum
1530 5227 1675 5314 praesoii,
1694 5227 1781 5314 jassi
1794 5227 1961 5294 inondum

341 5329 467 5414 rubim,
488 5329 872 5418 Seraphim‚'l'hronos·:
893 5347 1041 5422 quorum
1057 5335 1125 5422 pri·
1179 5341 1316 5424 regunt,
1339 5335 1436 5400 missi
1465 5323 1611 5422 corpora
1635 5355 1734 5402 aerea
1769 5329 1962 5418 assumunt,

343 5441 391 5506 mi
408 5437 623 5506 considerant
656 5439 720 5506 Dei
749 5439 952 5524 honitatem,
984 5443 1125 5508 secundi
1181 5445 1217 5510 in
1233 5443 1427 5512 coelestibus
1443 5449 1713 5512 commorantur.

342 5549 644 5630 raritatenr,tertii
661 5551 870 5638 aequitatem.
890 5549 989 5626 Item,
1008 5551 1042 5614 in
1061 5551 1149 5640 pri·¹
1227 5551 1424 5620 Bernardus
1457 5541 1967 5638 decadem:«Investigemus
2003 5585 2020 5632 ,r

344 5661 408 5726 nris
428 5659 522 5726 Deus
542 5665 646 5736 ornat,
673 5665 711 5724 nt
740 5659 908 5726 charitas:
937 5659 972 5724 in
1002 5681 1126 5724 secun·
1191 5689 1204 5726 3
1219 5661 1501 5750 investigabilia:
1526 5667 1558 5726 et
1580 5659 1691 5748 primo
1722 5661 1863 5750 spiritus
1894 5681 1967 5726 esse
1996 5661 2020 5758 {el

346 5769 589 5852 disnoscitur
605 5767 737 5854 veritas
753 5791 759 5836 :
781 5769 816 5848 in
832 5769 940 5836 tertiis
965 5767 1070 5842 sedet,
1090 5773 1129 5834 ut
1187 5799 1201 5832 r<
1221 5777 1393 5860 potentes,
1408 5771 1591 5862 gloriosos,
1605 5767 1922 5848 beatos,distinotos
1934 5767 1969 5832 in

349 5881 501 5976 aquilas.
1117 5937 1118 5940 ,
1189 5905 1204 5944 a
1225 5881 1393 5968 personis,
1408 5877 1595 5968 dispositos
1606 5875 1641 5942 in
1658 5875 1838 5964 dignitate,
1851 5873 1893 5938 ab
1905 5875 1982 5944 inis
