4308 6416
241 327 284 396 52
760 319 807 392 D.
836 315 942 390 ALB.
968 315 1084 388 Mne.
1112 315 1219 388 ORD.
1246 315 1401 388 PRAED.
1482 395 1485 406 .

241 503 397 574 officium
413 503 629 600 praelationis
645 501 835 598 pertinent,
855 523 1051 594 exsequan-
1151 495 1380 592 Theophanis
1405 519 1491 566 vero
1531 503 1582 566 est
1617 495 1773 564 ostensio
1800 493 1917 564 alicu·
1946 481 2102 614 cleophe-'3-

241 625 309 700 tur,
333 627 369 690 et
395 617 592 712 spiritualia
628 639 735 688 onera
762 615 958 686 sustineant
982 635 1046 706 pa·
1100 611 1158 702 jus
1175 609 1424 704 cognoscibilis
1441 609 1483 678 de
1499 611 1574 680 Deo
1595 633 1659 702 per
1680 607 1915 678 illuminatio·
1946 611 2106 732 ”ligium-³

133 747 134 750 ’
240 731 381 804 tienter.
410 729 511 814 Item,
538 755 602 824 per
632 731 717 814 istos
743 727 915 800 miracula
945 727 1047 810 tinnt,
1103 747 1185 792 nem
1207 723 1249 794 de
1266 723 1340 792 Deo
1375 723 1577 792 uenientem
1595 747 1608 794 .·
1637 729 1671 792 et
1700 717 1768 792 hoc
1796 729 1915 814 potest
2099 713 2106 766 =³

242 851 276 914 et
304 845 454 916 uirtutes
483 845 633 916 faciendi
670 845 847 914 mirabilia
886 839 1048 934 perlectis
1105 833 1913 930 essevelinsyrnboliS,vellecieadfacieru.

242 957 498 1028 conceduntur.
1149 951 1255 1038 Nota,
1276 949 1368 1044 quod
1386 949 1545 1044 Angelus
1576 951 1611 1016 in
1639 949 1843 1042 cognitione
1862 969 1916 1016 re-

286 1069 506 1164 Archunqeli
534 1069 664 1138 sunami
695 1067 807 1136 nuntii
835 1085 1048 1156 nuncupanu
1103 1087 1179 1132 rum
1198 1065 1234 1134 in
1263 1065 1405 1158 propria
1431 1073 1581 1144 natura,
1603 1061 1785 1158 cognoscit
1812 1059 1916 1154 plura

242 1189 310 1266 tur,
334 1191 369 1252 et
385 1203 525 1252 summa
539 1181 715 1252 nuntient.
733 1179 873 1248 Horum
890 1177 1047 1246 olticium
1103 1173 1207 1242 simul
1224 1173 1360 1256 habitu,
1379 1181 1412 1242 et
1428 1197 1501 1242 non
1517 1179 1608 1242 actu.
1629 1171 1728 1242 Circa
1745 1173 1915 1242 incarna-

242 1299 293 1362 est
326 1291 520 1362 secundum
557 1289 783 1384 Gregoriurn,
811 1289 854 1360 de
877 1287 930 1356 his
968 1309 1047 1378 quae
1102 1289 1250 1374 tionem,
1283 1295 1317 1358 et
1342 1289 1545 1384 passionem
1571 1287 1701 1358 Christi
1732 1287 1915 1360 sciverunt

145 1421 146 1424 ’
239 1407 417 1498 pertinent
446 1405 490 1474 ad
514 1407 776 1498 promotionem
813 1399 907 1488 fidei,
935 1401 973 1470 ul
1003 1397 1045 1468 de
1100 1401 1229 1496 Angeli
1245 1401 1479 1474 substantiam
1499 1403 1593 1488 lacti,
1612 1401 1674 1472 sed
1690 1425 1763 1472 non
1777 1401 1912 1494 [omnes

239 1519 423 1590 nativitate
455 1517 596 1606 Christi,
620 1525 654 1590 ct
678 1517 719 1588 de
749 1517 849 1586 factis
880 1515 955 1608 ejus
985 1511 1047 1582 ho·
1101 1517 1394 1600 circumstantiae,
1413 1525 1452 1586 ut
1474 1541 1593 1612 quaro,
1621 1517 1695 1608 vel,¹
1712 1515 1908 1612 quomodo.

240 1633 353 1702 mines
371 1629 543 1726 expedire,
564 1639 598 1700 et
628 1629 806 1698 daemones
824 1625 866 1696 ab
893 1623 1047 1696 homini·
1100 1629 1288 1714 Praeterea,
1328 1653 1561 1726 quacumque
1602 1629 1732 1726 Angeli
1769 1653 1912 1724 cogno-

239 1743 305 1814 bus
322 1767 516 1830 removere,
536 1751 569 1814 et
585 1743 778 1814 secundum
814 1739 1042 1834 Dionysium,
1101 1751 1215 1830 scunt,
1240 1751 1459 1836 cognoscunt
1478 1753 1614 1814 remota
1640 1745 1731 1814 sicut
1756 1745 1908 1838 propin-

239 1857 441 1950 prophetias
459 1855 625 1926 revelare.
657 1855 717 1924 Isti
752 1851 1044 1932 illuminationes,
1101 1875 1197 1950 qua:
1226 1857 1309 1950 quie
1335 1857 1491 1950 cognitio
1514 1879 1637 1926 eorum
1655 1881 1727 1926 non
1752 1881 1816 1950 per
1831 1881 1913 1926 sen.

239 1967 625 2064 quasasuperlurlhus
660 1967 873 2060 suscipiunt,
903 1963 1045 2034 infcrio-
1100 1993 1193 2054 sum,
1232 1971 1293 2040 sed
1308 1995 1371 2064 per
1388 1971 1605 2040 intellectum
1624 1981 1690 2042 est.
2095 2047 2100 2066 ἢ

236 2081 333 2154 ribus
350 2085 573 2170 annuntiant,
604 2089 636 2152 et
662 2103 724 2174 per
750 2079 894 2152 eosdem
923 2075 1041 2146 nobis·
1147 2081 1267 2154 Status
1289 2091 1404 2152 autem
1422 2081 1551 2178 Angeli
1565 2082 1693 2176 triplex
1721 2091 1786 2170 est,
1811 2081 1909 2154 scili·
1949 2121 2099 2190 nugetu-

279 2195 412 2290 Anqeli
427 2203 507 2264 sunt
529 2193 711 2264 incoelesti
733 2189 964 2286 dispositione
987 2187 1042 2256 ul·
1097 2201 1150 2264 cet
1167 2197 1389 2284 innocentiae,
1408 2199 1528 2290 gratiae
1544 2205 1578 2266 et
1609 2195 1741 2288 gloriae.
1924 2193 2099 2322 fflffit

235 2307 326 2390 ilfflh
369 2317 404 2378 θῑ
435 2303 641 2376 hominibus
674 2305 785 2398 1¹1³ng
833 2301 1038 2396 propinqui·
1079 2341 1080 2344 ¹
1142 2307 1380 2402 Distinguitur
1400 2315 1520 2378 motus
1539 2307 1763 2402 Angelorum
1795 2307 1907 2400 tripli·
1970 2319 1971 2322 ’
2088 2301 2098 2338 ²³

235 2417 618 2508 Antielusnornenest
643 2417 759 2502 cilicii,
788 2439 861 2484 non
887 2421 1037 2484 nature.
1096 2423 1395 2492 citersecnndum
1417 2423 1641 2516 Dionysium,
1685 2421 1906 2492 scilieetcir-

236 2531 297 2604 lsti
314 2535 453 2604 minora
468 2535 642 2610 nuntiant,
680 2541 714 2602 ei
729 2533 894 2604 hominos
911 2529 954 2598 ad
986 2529 1041 2598 di·
1096 2533 1239 2622 colaris,
1257 2543 1372 2604 rectus
1394 2535 1618 2628 etohliquus.
1639 2535 1827 2606 Circularis
1851 2541 1905 2604 est
1920 2547 2012 2598 troius
2036 2539 2097 2620 tuf}

236 2645 616 2740 vinamcognitionem
641 2647 787 2730 ducunt,
818 2651 852 2712 et
881 2649 919 2712 ut
945 2643 1040 2732 juste
1097 2647 1286 2718 abeodem
1312 2649 1348 2718 in
1377 2649 1485 2736 idem,
1523 2649 1664 2720 etcirca
1698 2649 1791 2730 idem
1817 2673 1905 2722 cen·
1937 2611 2097 2710 galerum}

236 2761 373 2842 uiuant,
405 2759 597 2826 instruunt.
630 2757 676 2826 Hi
706 2781 850 2826 sursum
893 2753 1044 2850 tendunt
1096 2767 1191 2828 trum
1214 2757 1408 2840 immobile,
1442 2757 1536 2830 hunc
1584 2768 1722 2840 motum
1772 2761 1904 2832 habent

238 2895 300 2964 per·
320 2869 543 2940 dilectionem
561 2871 638 2956 Ilei,
657 2871 692 2938 in
713 2871 838 2964 seipsis
855 2865 1043 2936 firmantur
1096 2871 1238 2966 Angeli,
1261 2873 1320 2966 qui
1338 2871 1541 2944 immediate
1563 2873 1736 2968 recipiunt
1766 2875 1902 2946 illumi·

239 3005 300 3078 per
316 2979 512 3054 custodiam
533 2985 600 3064 sui,
619 3007 658 3054 ec
674 2981 738 3052 sub
755 3005 791 3052 se
809 2979 1041 3076 progrediun-
1095 2987 1293 3058 nationesa
1314 2989 1401 3066 lieo,
1431 2995 1464 3056 et
1488 3009 1548 3080 per
1571 2987 1649 3058 illas
1674 2997 1904 3060 reuertuntur

238 3103 295 3164 tur
311 3095 356 3166 ad
377 3097 544 3164 auxilium
570 3095 734 3188 proximi.
1095 3099 1138 3168 ad
1154 3101 1281 3170 Deum.
1300 3099 1395 3168 Istud
1415 3105 1531 3168 autern
1547 3101 1713 3172 convenit
1741 3103 1903 3196 superio-

57 3213 207 3270 Assinttari
286 3207 360 3278 Nos
381 3217 497 3278 autern
518 3207 705 3278 assImilari
734 3207 904 3278 debemus
933 3203 1039 3274 Sera·
1095 3213 1122 3278 ri
1143 3209 1347 3282 hierarchiae
1374 3218 1525 3279 tanturn.
1544 3209 1646 3294 ltem,
1673 3221 1773 3282 motu
1805 3221 1901 3286 recto

56 3283 225 3412 adgilffult
241 3317 338 3414 phin]
355 3341 417 3412 per
437 3317 657 3402 charitalem,
681 3319 873 3390 Cherubim
898 3341 960 3410 per
977 3341 1040 3386 co·
1094 3333 1296 3406 moventur,
1327 3323 1470 3418 quando
1493 3321 1692 3416 procedunt
1715 3325 1756 3394 ad
1783 3327 1902 3418 provi·

56 3415 83 3464 ¹⁰
99 3413 221 3480 ‘illm
238 3433 446 3526 gnitionem,
464 3433 614 3504 Thronis
629 3457 691 3528 per
716 3435 932 3528 equitatem,
967 3429 1038 3500 [io-
1092 3437 1248 3510 dentiam
1271 3439 1512 3530 subjectorum
1528 3447 1620 3510 recte
1643 3439 1764 3508 omnia
1780 3448 1902 3510 trans-

238 3547 490 3618 minationibus
506 3569 648 3618 carnem
674 3547 812 3640 spiutni
844 3547 1036 3638 subjugati·
1091 3563 1227 3640 eunteS,
1250 3563 1283 3624 et
1303 3579 1375 3624 nou
1401 3561 1625 3624 revertuntur
1645 3553 1689 3624 ab
1711 3555 1836 3624 eodem
1865 3555 1902 3624 in

236 3657 823 3750 do,Principetihuereverentiern
841 3657 1035 3750 majoribus
1091 3667 1334 3756 ide1n‚sedde
1355 3666 1488 3737 unoad
1512 3665 1620 3736 aliud,
1649 3667 1752 3750 Item,
1775 3675 1827 3738 est
1862 3669 1899 3738 in
2079 3673 2092 3776 p

235 3771 365 3840 uostris
389 3767 600 3850 exhibendo,
631 3767 885 3854 potestatibus,
918 3775 1036 3838 tenta-
1089 3779 1235 3876 Angelis
1250 3787 1368 3848 motus
1393 3777 1571 3874 obliquus
1590 3779 1733 3872 quando
1765 3779 1899 3850 scillcet
2070 3775 2091 3874 ‘l

235 3881 390 3948 tionibus
410 3879 590 3950 diabolicis
617 3881 822 3952 resistendo.
847 3879 948 3960 Item,
972 3879 1034 3948 de·
1090 3891 1330 3986 cognitionem
1360 3891 1566 3960 inferiorum
1612 3891 1740 3984 quihus
1780 3893 1900 3984 provi.
2072 3863 2091 3976 :sl

232 3989 358 4058 bemus
374 3987 559 4058 assimilari
581 3987 779 4058 Virtutibus
795 4011 858 4084 per
875 4011 1035 4080 compes·
1090 4003 1185 4092 dent,
1208 4005 1391 4076 reflectunt
1411 4005 1449 4072 in
1474 4003 1588 4072 Deum
1622 4005 1839 4098 principium
1862 4013 1899 4076 et
2077 3987 2091 4086 'l

233 4101 384 4188 sionem,
406 4101 636 4194 Archangelis
660 4125 722 4194 per
750 4103 1032 4184 instructionem,
1088 4119 1196 4188 finem
1217 4117 1302 4188 boni
1319 4125 1352 4188 et
1367 4115 1519 4210 pulchri.
2087 4125 2090 4168 r

231 4215 913 4312 Angelisperobsequiiexhibitionem.
1133 4229 1227 4302 Nota
1261 4229 1494 4300 differentiam
1538 4227 1630 4298 inter
1668 4233 1829 4302 assistere
1861 4239 1895 4302 et
1924 4235 2090 4342 Animis

1088 4343 1285 4414 ministrare
1310 4367 1317 4414 :
1336 4347 1421 4440 quia
1436 4343 1596 4412 assistere
1612 4351 1665 4414 esi
1680 4343 1806 4416 faciem
1827 4345 1893 4416 Dei
1924 4329 2089 4440 qutd‘sotjp

1086 4457 1318 4552 contemplari
1350 4479 1357 4526 ε
1391 4457 1443 4526 sic
1477 4455 1647 4528 assistunt
1669 4457 1893 4528 omneshoni

500 4607 650 4680 CAPUT
675 4611 754 4682 XV·
1084 4571 1225 4666 Angeli.
1258 4569 1359 4650 Item,
1400 4571 1562 4642 assistere
1607 4579 1659 4640 esi
1688 4571 1893 4644 immediate

1085 4689 1238 4782 recipere
1264 4685 1541 4756 illuminationes
1566 4707 1587 4752 a
1608 4683 1683 4754 Deo
1711 4707 1719 4756 ε
1747 4687 1891 4758 sician-

1081 4806 1157 4868 ium
1188 4801 1357 4870 assistunt
1379 4805 1451 4868 tres
1479 4795 1586 4890 primi
1612 4793 1767 4866 ordines.
1787 4797 1893 4882 liern,

1082 4917 1244 4984 assistere
1271 4919 1323 4980 est
1347 4911 1631 5004 appropinquare
1668 4907 1798 4978 Decet
1827 4935 1892 4980 ex-

1082 5035 1245 5096 traneum
1272 5047 1347 5094 esse
1378 5023 1422 5092 eb
1453 5023 1605 5092 exterius
1629 5023 1812 5112 missione,
1840 5025 1890 5094 sic

65 5177 191 5248 Cognitis
269 5131 397 5226 Angcll
442 5131 682 5226 coguitionem
716 5131 848 5202 habent
879 5133 1026 5202 maiuli·
1080 5141 1250 5208 assistunt
1266 5142 1419 5232 quatuor
1433 5135 1537 5228 primi
1554 5133 1709 5206 ordines,

42 5249 320 5366 „fnlgffill‘ssstfflmr
356 5245 423 5316 hoc
456 5259 519 5328 est,
557 5247 796 5340 cognitionem
845 5267 962 5316 rerum
987 5247 1025 5318 in
1124 5239 1437 5320 Ministrurevero
1459 5247 1767 5342 estnuntiarepro
1797 5259 1938 5374 iem-M,
1964 5289 2085 5370 ’trust-7

50 5325 206 5458 restitisses
224 5355 354 5428 Verbo.
374 5359 471 5442 Item,
491 5363 741 5454 vespertinam,
763 5361 796 5430 id
813 5367 875 5438 est,
900 5361 1026 5454 cogni·
1077 5365 1174 5456 poris
1198 5361 1473 5458 opportunitate,
1504 5361 1559 5432 vel
1586 5365 1726 5456 operari
1757 5387 1887 5436 secun·
1917 5335 1986 5454 qldtl
2001 5331 2062 5436 lnt'

55 5451 198 5562 ζῗῑζξζξί·
224 5467 358 5538 tionem
374 5493 491 5542 rerum
509 5473 551 5542 in
578 5497 627 5544 se.
645 5473 748 5556 ltcm,
773 5471 1020 5556 meridianam,
1078 5475 1163 5544 dum
1194 5475 1364 5546 officium.
1400 5475 1464 5544 Est
1508 5475 1601 5544 euim
1646 5475 1884 5548 ministerium
2039 5445 2084 5472 ἰ

89 5579 182 5636 disna.
222 5577 336 5662 idest,
356 5583 588 5676 apertemllei
608 5589 797 5660 visionem.
826 5585 887 5656 Est
903 5591 936 5654 et
953 5585 1021 5658 alia
1076 5589 1191 5658 nuntii
1207 5595 1241 5660 et
1266 5587 1383 5658 officii.

221 5691 376 5784 cognitio
397 5693 563 5788 angelica,
582 5701 744 5774 videlicet
767 5705 874 5796 prout
903 5699 1021 5792 majo·
1120 5699 1286 5772 Enetum
1314 5707 1366 5772 est
1391 5697 1637 5774 circemotum
1660 5697 1881 5796 Angelorum
1917 5683 2083 5800 Phpfflil

222 5805 668 5900 resindieentrninoribus,
692 5839 771 5910 quae
794 5837 858 5910 per
879 5811 1017 5886 diuinos
1073 5811 1184 5886 trihus
1234 5811 1359 5884 modis.
1393 5811 1564 5882 Dicebant
1607 5813 1705 5884 enim
1734 5753 2082 5940 qnidameffffiffl}

218 5913 451 6008 theopbanias
467 5935 706 6014 perceperunt.
1071 5925 1295 6024 Philosophi,
1320 5925 1416 6022 qnod
1435 5923 1560 6020 Angeli
1582 5949 1780 6022 numquam
1797 5949 1880 6000 nro·
1897 5957 1929 5996 n
1958 5931 2080 6054 moesti*

271 4833 324 4902 De
349 4833 546 4926 cognitione
566 4841 599 4902 ei
616 4845 714 4902 rreotu
746 4835 978 4930 Angelorum.
