4258 6384
338 593 387 660 36‘
842 593 884 660 D.
910 593 1008 660 ALB.
1035 593 1143 660 MAG.
1170 593 1270 662 ORD.
1300 593 1446 662 PRAED.

161 807 313 864 V„,„„„„
383 761 486 852 Signa
506 765 704 852 beneplaciti
720 771 798 830 sunt
822 767 983 854 quinque,
1010 765 1102 832 scili-

159 873 319 984 ?,ctpfptssciti
335 877 387 936 cet
405 873 596 960 preceptio,
614 873 810 960 prohibitio,
830 873 1006 938 consilium
1022 897 1101 962 per-

174 951 318 1062 plepqapp.
336 979 465 1056 missio,
493 987 525 1044 et
554 981 732 1068 operatio:
770 1003 913 1068 qnorum
940 1003 1101 1046 numerus

206 1071 286 1124 ΨΜ
335 1087 381 1152 sic
400 1087 570 1174 accipitur.
588 1087 753 1154 Voluntas
770 1087 882 1152 divina
897 1093 1033 1176 proprie
1052 1087 1101 1154 lo-

333 1193 480 1280 quendo,
499 1203 556 1260 aut
571 1197 799 1282 presentium,
826 1203 882 1260 aut
911 1195 1100 1260 futurorum

332 1306 390 1364 est.
412 1299 447 1364 Si
468 1309 621 1392 respectu
653 1303 961 1392 pr·aese11tium,aut
989 1301 1022 1368 id
1050 1309 1099 1368 est

330 1403 469 1488 bunum,
488 1417 520 1472 et
540 1409 586 1472 sic
605 1415 653 1474 est
672 1407 850 1496 impletio:
879 1417 936 1474 aut
956 1407 1095 1486 malum,

331 1515 424 1580 etsie
444 1519 494 1580 θεῖ
514 1515 704 1602 pecuniaria.
730 1515 766 1580 Si
796 1521 947 1604 respectu
968 1515 1099 1584 futuru-

330 1647 416 1704 θεῖε,
440 1625 486 1688 sic
509 1629 558 1690 est
587 1623 719 1714 triplex.
743 1623 811 1690 aar
827 1633 879 1692 est
904 1625 1044 1710 aratam,
1067 1631 1099 1694 et

310 1731 374 1798 ,sic
389 1739 438 1796 est
454 1731 640 1818 probibitio
654 1757 664 1798 .·
695 1741 752 1798 eut
781 1731 908 1800 bonurn
941 1755 1098 1800 necessa-

328 1841 426 1918 rium,
445 1847 477 1906 θῖ
506 1841 552 1908 sic
580 1851 630 1908 θεῖ
660 1845 839 1932 preceptio
851 1865 861 1908 :
887 1853 945 1910 ant
969 1841 1096 1910 boumn

326 1953 645 2042 supererogationis,
683 1961 714 2020 et
743 1953 789 2020 sic
824 1961 873 2020 est
902 1953 1093 2022 cornilione.

326 2057 448 2124 Contra
476 2061 540 2124 tria
568 2061 676 2146 primo
700 2067 813 2148 potest
839 2059 966 2148 aliquid
995 2059 1091 2126 fieri:

325 2167 403 2252 quia
420 2187 454 2230 εθ
470 2163 597 2232 hubent
612 2175 648 2232 ut
662 2169 696 2231 in
712 2167 782 2232 lieri
798 2189 805 2232 :
824 2165 882 2232 sed
898 2175 1013 2232 contra
1028 2167 1093 2232 duo

323 2271 453 2350 ultima,
477 2271 602 2340 scilicet
620 2273 892 2360 permissionem,
915 2279 947 2340 θῖ
975 2295 1092 2362 opera·

322 2381 464 2458 tionem,
495 2379 579 2448 nihil
609 2387 719 2468 potest
746 2379 818 2446 fieri
838 2403 844 2446 :
863 2381 942 2470 quia
970 2403 1005 2448 εθ
1032 2379 1092 2448 ha-

323 2489 414 2572 bent,
444 2491 534 2556 utin
564 2489 651 2556 facto
682 2509 780 2558 esse:
812 2497 843 2556 et
877 2491 1093 2580 quodperfc-

324 2607 415 2664 ctum
436 2605 497 2676 est,
516 2621 585 2664 raon
601 2607 711 2686 potest
730 2619 799 2664 non
817 2597 900 2664 fieri.

166 2735 290 2808 ΜΨ,
370 2707 417 2772 lle
446 2705 498 2772 his
520 2707 623 2794 signis
643 2715 733 2782 nota,
767 2705 858 2794 quod
884 2715 1092 2800 praecepium

148 2813 309 2926 {ltfflhottgp
326 2813 404 2880 dicit
424 2813 665 2902 obligationem
682 2813 723 2880 ad
738 2813 927 2880 sarciendam
940 2815 1089 2884 bonum:

149 2935 298 3006 consuram,
323 2919 505 3010 prohibitio
527 2919 605 2986 dicit
635 2919 876 3010 obligationem
905 2923 948 2988 ad
979 2923 1094 2988 vitan-

196 2997 280 3060 quior
324 3027 405 3094 dum
421 3027 573 3096 malum:
598 3029 774 3096 consilium
796 3029 875 3096 dicit
891 3031 1089 3114 doctrinam,

323 3159 498 3228 perquam
516 3141 653 3216 scimus,
673 3137 812 3228 quodid
835 3137 927 3226 quod
942 3141 1091 3206 consuli-

222 3237 223 3240 *
321 3251 387 3328 tur,
410 3245 528 3326 sitiat,
549 3243 645 3312 affert
673 3245 865 3336 praemium,
889 3247 915 3312 si
933 3269 1002 3312 non
1019 3247 1088 3326 liat,

322 3355 417 3424 affert
431 3347 646 3444 supplicium.
668 3353 852 3420 Permissio
871 3355 948 3420 dicit
976 3357 1087 3442 priva-

320 3465 450 3530 tionem
461 3463 688 3542 cohibitionis,
706 3471 737 3530 et
753 3471 804 3528 θεῖ
818 3465 952 3552 signum
969 3463 1091 3532 divium

321 3571 517 3648 voluntatis,
560 3595 630 3638 non
677 3579 829 3660 respectu
868 3569 958 3648 mali,
1000 3571 1090 3660 quod

321 3681 536 3768 permittitur,
559 3681 617 3746 sed
637 3687 789 3768 respectu
818 3677 912 3758 honi,
930 3681 1019 3768 qnod
1048 3705 1090 3748 ex

322 3789 411 3854 naalo
429 3789 607 3876 permissio
635 3787 765 3854 dicitur.
792 3787 869 3852 Non
893 3787 987 3860 enim,
1011 3811 1090 3878 per-

158 3899 291 3978 pempffl
322 3897 423 3962 mittit
437 3897 528 3960 Deus
551 3893 675 3960 malurn
701 3893 783 3974 fieri,
816 3895 880 3958 nisi
909 3897 1089 3984 ex'seipso

145 3987 221 4110 ῙΞΞΞΞΞ
250 4001 305 4098 Πζῗ·
322 4001 459 4092 aliquod
477 4001 605 4068 bonum
627 4000 747 4084 eliciat,
770 4011 805 4066 ut
825 4009 916 4088 patet
931 4001 964 4066 in
979 4009 1087 4068 tenta-

173 4119 276 4180 querar
320 4113 467 4178 tionibus
488 4111 623 4194 diaboli,
647 4133 719 4200 quae
735 4119 876 4200 prosunt
890 4109 1090 4200 multiplici-

319 4229 370 4286 ter
385 4221 506 4286 sanctis
524 4221 543 4286 ¹.
578 4221 745 4286 Praetereo
765 4219 793 4284 si
815 4241 884 4284 non
914 4227 999 4284 esset
1019 4241 1089 4284 rua-

318 4329 402 4408 tam,
425 4353 494 4396 non
509 4335 595 4396 esset
611 4329 644 4394 in
666 4329 755 4394 bono
772 4325 999 4416 pulchritudo,
1023 4329 1088 4394 nisi

318 4436 492 4502 absoluta:
507 4459 595 4506 nuno
612 4459 692 4502 vero
709 4443 845 4524 propter
860 4437 1088 4524 comparatio-

318 4567 396 4610 nem
412 4545 453 4612 ad
475 4545 600 4610 malurn
618 4545 738 4610 clarius
764 4543 934 4610 elucescit.
958 4543 1087 4632 Opera-

316 4653 364 4718 tio
376 4661 471 4718 notat
486 4653 666 4718 factionem
682 4653 715 4716 in
730 4673 774 4734 re,
792 4673 850 4740 per
866 4675 968 4740 qnam
983 4653 1086 4718 refer-

318 4769 372 4826 tur
386 4769 538 4828 creatura
553 4761 595 4826 ad
621 4767 816 4826 creatorem.

142 4907 288 4962 cantarun-
361 4869 410 4936 De
436 4869 669 4936 conformitate
697 4869 880 4936 voluntatis
901 4877 1023 4936 nostrae
1043 4871 1086 4938 ad

141 4981 223 5086 ,22³OE
239 4973 439 5084 ³3,.D0¹1ffl›
467 4977 641 5044 sciendum
668 4983 729 5056 θεῖ,
761 4975 851 5064 quod
877 4975 1002 5064 duplex
1035 4983 1085 5042 est

153 5103 222 5162 prex,
263 5103 287 5148 et
316 5085 545 5160 conformitas,
567 5081 692 5148 scilicet
707 5085 947 5172 proportionis,
966 5091 1083 5172 etpro-

141 5161 586 5284 q⁰⁰m⁰d⁰ip0rtionalitatis
610 5193 724 5258 Primo
754 5191 855 5256 ruodo
878 5199 926 5256 est
947 5193 1082 5258 confor-

313 5305 410 5370 mitas
425 5303 638 5370 voluntatum
659 5301 694 5366 in
715 5325 749 5366 se
774 5301 958 5364 sec-undum
978 5303 1082 5368 ratio-

312 5433 389 5478 nem
410 5413 573 5492 essentiae,
593 5409 686 5476 etsie
715 5415 765 5474 est
793 5409 1001 5498 impossibile
1017 5407 1081 5478 hoc

312 5519 413 5586 modo
432 5539 438 5584 :
458 5519 536 5608 quin
554 5517 636 5580 ttoitt
658 5517 699 5584 ad
718 5517 888 5592 inlinitum
916 5517 1008 5582 nulla
1031 5523 1082 5582 est

311 5627 496 5716 proportio.
516 5625 672 5690 Secundo
694 5623 793 5688 modo
824 5631 873 5690 est
899 5623 1080 5690 conformi-

310 5743 372 5814 ῖθε,
391 5757 465 5826 qaae
486 5739 536 5800 est
560 5733 744 5800 secundum
774 5731 926 5796 similiter
956 5755 989 5798 se
1018 5731 1080 5796 ha-

345 5975 354 6008 *
370 5971 411 6024 Cf.
428 5969 497 6024 Tol).
513 5981 562 6034 ΧΗ,
575 5973 600 6024 Β.

1155 765 1233 834 here
1264 787 1270 832 ε
1303 765 1485 854 quodtieri
1519 771 1641 852 potest.
1678 761 1848 830 Possibile
1877 767 1926 828 est

1155 875 1244 938 enirn
1260 871 1348 936 idem
1363 869 1506 940 volitum
1523 893 1609 950 esse,
1628 871 1709 936 alias
1731 867 1923 958 utrobique,

1155 987 1191 1046 ut
1205 979 1330 1046 scilicet
1351 979 1455 1044 homo
1475 979 1556 1046 velit
1584 979 1618 1044 id
1639 979 1729 1068 quod
1746 977 1848 1052 Daue,
1872 999 1926 1044 εθ-

1153 1077 1302 1154 cundum
1317 1087 1415 1164 velle,
1435 1111 1501 1176 quo
1528 1087 1600 1154 rult
1628 1111 1689 1152 nos
1709 1083 1796 1152 velle
1816 1085 1920 1152 Deus.

1155 1193 1299 1272 Quodsi
1319 1193 1405 1260 banc
1430 1177 1699 1260 conformitatem
1719 1191 1922 1258 attendimus
1951 1215 1977 1262 ra
1995 1215 2076 1268 farrae

1154 1303 1188 1368 in
1204 1303 1311 1368 fornia
1326 1301 1472 1380 volendi,
1490 1309 1569 1368 tunc
1581 1301 1607 1368 si
1623 1303 1782 1368 volumus
1799 1299 1922 1364 habere
1964 1281 2071 1390 ΞΞΞΞΞΞΞΞ

1154 1409 1341 1476 mercedem
1366 1411 1472 1476 nostri
1507 1411 1628 1500 operis,
1666 1413 1797 1498 oportet
1832 1405 2076 1530 quode¹,¹¹it¹,1,tll,f,¹{,t

1154 1539 1284 1608 semper
1313 1517 1563 1584 conformemur
1593 1519 1621 1582 ei
1657 1519 1690 1582 iu
1724 1517 1833 1580 forma
1865 1537 1923 1580 ro·

1151 1623 1253 1692 lentii.

1199 1731 1234 1798 Si
1250 1739 1362 1800 autem
1379 1733 1552 1822 quaeritur,
1576 1741 1689 1798 utrum
1707 1731 1860 1798 absolute
1875 1737 1924 1796 te-

1151 1843 1317 1908 neamur?
1328 1841 1506 1908 dicendum
1519 1849 1579 1924 est,
1599 1841 1689 1932 quod
1705 1839 1924 1908 conformitas

1151 1957 1201 2016 est
1217 1947 1370 2040 quaedam
1385 1951 1420 2014 in
1442 1955 1529 2030 actu,
1550 1949 1590 2016 ad
1612 1971 1713 2038 quern
1735 1971 1804 2014 non
1835 1955 1925 2014 tene-

1151 2083 1238 2138 mur,
1256 2059 1321 2124 nisi
1336 2055 1451 2124 habita
1475 2057 1650 2140 charitate,
1670 2081 1731 2124 nec
1752 2063 1830 2124 tunc
1859 2055 1924 2120 nisi
1959 2133 1961 2136 Ι

1149 2189 1211 2256 pro
1227 2175 1380 2254 tempore
1396 2173 1428 2232 et
1443 2165 1530 2244 loco,
1553 2173 1591 2232 ut
1607 2165 1740 2254 quando
1768 2165 1843 2256 qais
1868 2187 1923 2230 co-

1149 2277 1233 2362 gitat
1260 2273 1322 2338 Dei
1354 2273 1545 2348 ueritatem,
1594 2273 1720 2340 seilicet
1763 2271 1921 2340 articulos

1148 2381 1238 2462 fidei,
1267 2389 1400 2448 tenetur
1433 2381 1588 2448 ore-dere:
1625 2381 1761 2470 quando
1796 2383 1922 2470 cogitat

1147 2491 1209 2556 Dei
1229 2493 1430 2572 bonitatem,
1457 2497 1591 2556 tenetur
1613 2489 1764 2580 diligere.
2049 2567 2054 2578 Ξ

1192 2597 1250 2664 Εεῖ
1278 2597 1343 2664 alia
1379 2597 1599 2664 conformitas
1640 2599 1674 2662 in
1718 2595 1848 2676 habitu,
1879 2595 2074 2686 idconrormi·

1148 2727 1248 2794 quarn
1265 2727 1333 2770 non
1349 2711 1482 2776 tenetur
1498 2706 1584 2794 quis,
1612 2705 1677 2770 uisi
1688 2703 1823 2794 quando
1844 2715 1920 2770 actu
1934 2703 1974 2748 tas
1989 2699 2078 2810 ΞΞξΞῖῖ

1149 2813 1209 2880 net
1229 2813 1413 2880 honitatem
1436 2815 1610 2900 recogitat,
1631 2815 1709 2900 quia
1728 2821 1809 2878 tunc
1826 2817 1919 2878 tene-

1147 2927 1201 2986 tur
1217 2945 1251 2988 se
1273 2915 1314 2986 ad
1334 2919 1533 2986 charitatem
1548 2919 1611 2986 Dei
1629 2941 1827 3008 praeparare.

1192 3031 1241 3096 De
1254 3027 1489 3094 conformitate
1502 3035 1614 3094 autem
1631 3029 1665 3092 in
1676 3027 1796 3104 volito,
1815 3029 1918 3094 scien·
1934 3051 2078 3116 Co„„,„„p

1148 3139 1228 3204 claru
1246 3135 1333 3224 quod
1351 3135 1525 3202 voluntate
1541 3135 1768 3202 sensualitatis
1784 3159 1853 3200 non
1868 3145 1917 3202 te·
1934 3135 1972 3180 tas
1995 3131 2022 3178 ia
2043 3119 2078 3198 aa}

1146 3263 1266 3308 nemuc
1286 3241 1489 3306 conformari
1514 3241 1682 3306 uoluntati
1703 3241 1835 3318 dirime,
1858 3263 1918 3306 neo
1990 3193 2043 3242 tuo.
2075 3247 2076 3250 ’

2075 3249 2079 3290 l

1147 3349 1181 3412 in
1196 3345 1312 3428 volito,
1336 3369 1397 3412 nec
1414 3347 1447 3412 iu
1463 3347 1571 3412 forma
1586 3344 1734 3412 volendi.
1755 3345 1782 3408 V
1787 3345 1918 3414 oluutas
2072 3303 2078 3440 Ξ

1145 3453 1236 3520 euim
1261 3453 1488 3520 sensualitatis
1509 3461 1641 3520 tantum
1661 3461 1711 3520 est
1731 3455 1765 3518 iu
1787 3457 1920 3522 anima-
2071 3441 2075 3474 ⁵

1146 3563 1212 3628 tis:
1236 3561 1325 3628 unde
1342 3569 1506 3650 quantum
1532 3561 1572 3628 ad
1592 3561 1657 3628 hoc
1685 3585 1746 3628 nos
1775 3561 1838 3630 h'ac
1860 3585 1919 3630 tru—
2069 3507 2075 3656 Ξ

1144 3671 1273 3738 luntate
1311 3693 1380 3738 non
1410 3695 1641 3762 peccaremus,
1663 3673 1692 3738 si
1721 3675 1806 3738 ratio
1841 3671 1919 3738 huic
2067 3657 2072 3780 Ξ

1144 3779 1309 3844 voluntati
1328 3781 1447 3866 juncta
1462 3801 1531 3844 non
1546 3777 1644 3860 foret,
1664 3781 1758 3866 cujus
1780 3787 1829 3846 θεῖ
1843 3779 1918 3846 ani·
2066 3781 2070 3858 l

1145 3891 1330 3954 malitatem
1351 3891 1559 3978 reprimere:
1586 3891 1643 3954 sed
1667 3891 1840 3956 voluntate
1861 3913 1917 3956 ra·
2063 3859 2068 3986 Ξ

1144 3999 1246 4062 tionis
1262 3995 1489 4064 deliberativis
1510 4005 1665 4062 tenemur
1680 3999 1752 4064 Deo
1780 3999 1916 4064 confor-
2061 3987 2066 4114 Ξ

1145 4109 1229 4172 mori
1245 4107 1279 4172 in
1300 4103 1416 4182 volito,
1436 4107 1527 4194 quod
1547 4115 1677 4172 constat
1692 4107 1789 4174 nobis
1805 4107 1914 4174 Deum
2060 4115 2064 4192 Ξ

1144 4213 1296 4280 absolate
1318 4215 1415 4290 velle,
1433 4221 1470 4280 ut
1490 4215 1632 4282 salutern
1659 4227 1824 4296 nostram,
1859 4215 1915 4284 rel

1143 4325 1297 4414 congruit
1323 4323 1421 4390 nobis
1451 4323 1548 4392 velle.
1584 4323 1621 4392 Si
1648 4351 1731 4394 vero
1747 4349 1815 4392 aon
1831 4349 1914 4392 con-

1143 4431 1356 4522 gruitnobis,
1381 4435 1534 4522 quamvis
1565 4431 1692 4500 bonurn
1728 4437 1770 4500 sit
1970 4415 1974 4424 ¹
2044 4509 2046 4516 ¹

1143 4541 1407 4610 nonvultlleus
1436 4543 1470 4608 id
1497 4565 1558 4608 uos
1587 4543 1694 4608 icelle:
1732 4543 1819 4608 unde
1849 4543 1913 4610 hoc
1974 4539 2046 4590 eunt

1143 4673 1212 4716 raon
1231 4659 1386 4716 tenemur
1405 4651 1503 4728 velle,
1521 4653 1585 4716 nisi
1610 4653 1644 4716 in
1667 4659 1830 4740 quantum
1865 4659 1914 4718 est

1142 4761 1284 4828 volitum
1307 4761 1415 4824 aDeo
1435 4779 1442 4826 :
1461 4761 1548 4826 uude
1565 4761 1593 4826 si
1613 4761 1681 4828 seio
1697 4761 1806 4828 Deum
1828 4761 1914 4826 velle

1142 4879 1285 4940 mortem
1305 4871 1501 4958 patrismei‚
1523 4877 1636 4938 tamen
1653 4895 1792 4960 possum
1809 4873 1914 4938 vitam

1141 4983 1239 5058 velle,
1283 4987 1316 5046 et
1349 4979 1503 5046 laborare
1538 4981 1580 5048 ad
1608 4981 1685 5060 hoc,
1723 4983 1801 5072 quia
1845 5005 1914 5048 non

1140 5091 1212 5156 vult
1236 5089 1327 5154 Deus
1356 5085 1443 5154 velle
1469 5111 1522 5154 me
1547 5091 1635 5178 patri
1667 5113 1743 5156 rneo
1778 5099 1914 5156 contra-

1140 5199 1239 5262 rium.
1262 5197 1359 5274 Item,
1381 5199 1557 5262 uoluntate
1586 5199 1817 5264 conditionata
1844 5223 1913 5264 uon

1139 5313 1293 5370 tenemur
1332 5305 1404 5370 Deo
1452 5303 1669 5388 conformari,
1706 5315 1742 5372 ut
1777 5307 1911 5394 quando

1139 5415 1233 5502 pluit,
1244 5412 1410 5482 vellemus
1427 5413 1518 5502 quod
1534 5437 1604 5480 non
1620 5415 1763 5502 plueret,
1777 5419 1803 5480 si
1820 5415 1911 5482 lleus

1138 5523 1239 5588 vellet
1257 5545 1263 5588 :
1283 5523 1361 5610 quia
1376 5521 1523 5588 volendo
1545 5523 1818 5590 conditionaliter
1842 5547 1911 5590 nou
2036 5593 2038 5612 Ξ

1139 5631 1371 5696 discordamus
1396 5653 1415 5694 o
1438 5631 1614 5696 colmane
1630 5631 1718 5696 Dei:
1746 5631 1909 5718 quiahoc
1937 5613 2038 5724 sectari

1136 5759 1206 5802 non
1221 5743 1270 5804 est
1289 5737 1375 5804 velle
1404 5735 1612 5826 simpliciter.
1634 5737 1731 5820 Item,
1759 5737 1793 5802 id
1818 5739 1909 5828 quod
1923 5735 1970 5848 DJ}
1995 5737 2035 5794 ‘1¹¹¹

1969 5847 2034 5910 turi}
