4258 6384
425 467 465 536 60
922 473 963 542 D.
989 475 1089 544 ALB.
1115 473 1222 542 MAG.
1250 477 1356 548 01111.
1377 477 1524 546 PRAED.

264 715 399 766 minuetur
427 647 504 708 sunt
533 641 720 728 opiniones,
749 643 874 710 Dieunt
908 645 998 712 enini
1037 647 1188 736 qnidam,
1244 651 1374 736 perabit
1401 651 1423 716 ⁴.
1445 649 1543 716 Nune
1577 645 1737 736 religatus
1757 653 1818 728 est,
1850 649 1930 714 etin
1947 647 2010 714 lino

252 777 313 826 dum
332 779 412 852 rinu-
428 747 518 836 quod
539 757 713 839 superatus
738 751 772 818 iu
797 773 864 818 uno
890 753 984 834 vitio,
1005 755 1117 842 ipsum
1138 753 1189 820 vi·
1243 755 1392 826 solvetur
1407 761 1429 830 ⁵.

251 841 551 954 ²¹¹‘lu‘{¹{²b⁰·etoreni
585 881 654 924 non
686 861 792 946 possit
823 857 966 948 amplius
991 867 1120 928 tentare
1148 861 1188 928 de
1287 865 1466 934 Peccatum
1504 863 1646 932 Luoileri
1678 863 1752 942 fuit,
1790 865 1881 954 quod
1913 887 1948 932 se
1977 873 2008 932 θῖ

421 961 543 1028 eodeni
572 965 666 1044 vitio,
701 964 863 1032 sedatius
891 965 1044 1034 diabolus
1064 975 1185 1058 potest.
1242 995 1339 1040 suurn
1355 977 1523 1064 privatum
1548 973 1675 1040 bonurn
1700 973 1827 1042 dilexit.
1853 971 2007 1040 Exorata·

420 1069 489 1138 Alii
515 1069 639 1150 dieunt,
670 1073 761 1160 quod
785 1079 960 1162 superatus
983 1075 1017 1140 in
1041 1097 1109 1140 uno
1134 1077 1188 1142 ri·
1240 1085 1293 1146 tus
1309 1081 1349 1148 de
1376 1081 1549 1148 altitudine
1577 1079 1692 1146 habita
1715 1083 1941 1170 praesumpsit,
1967 1103 2005 1148 ae

419 1179 478 1260 tio,
496 1175 627 1244 nullum
643 1179 786 1266 amplius
803 1181 843 1248 de
876 1179 933 1244 illo
963 1181 1045 1248 vitio
1079 1185 1185 1270 possit
1238 1191 1408 1276 propriam
1454 1187 1688 1256 excellentiam
1724 1187 1874 1270 ambivit,
1910 1191 2005 1278 quasi

417 1295 558 1354 tentare.
580 1287 741 1376 Origenes
771 1289 861 1368 dicit,
887 1289 978 1376 quod
1007 1299 1184 1378 superatus
1237 1293 1413 1364 habiturus
1427 1297 1560 1364 fuerita
1581 1319 1627 1380 se,
1645 1319 1715 1362 non
1730 1297 1772 1364 ab
1787 1297 1866 1376 alie,
1886 1305 1916 1364 et
1932 1297 2003 1364 sine

416 1397 457 1460 ab
479 1419 559 1474 uno,
586 1397 754 1462 neminem
780 1397 885 1484 possit
909 1405 1038 1466 tentare
1064 1399 1104 1466 de
1124 1421 1182 1466 eae·
1236 1405 1364 1472 meritis
1380 1405 1503 1472 babere
1518 1405 1638 1472 voluit.
1672 1403 1767 1472 Stare
1791 1403 1845 1472 vel
1870 1427 2002 1494 sperare

414 1511 498 1568 tero.
1235 1535 1312 1576 eurn
1328 1523 1441 1602 posset
1465 1535 1641 1604 quousque
1675 1513 1783 1600 gratia
1817 1535 2002 1600 apponere-

457 1611 543 1678 Data
573 1619 621 1680 est
654 1619 803 1702 potestas
833 1613 1045 1682 daemonibus
1084 1637 1182 1682 exer·
1234 1625 1299 1696 tur,
1316 1619 1437 1688 noluit.
1466 1621 1527 1688 Dei
1557 1619 1819 1686 similitudinem
1841 1619 2004 1708 eonoupi-

414 1719 509 1808 nendi
538 1721 685 1810 ntagieas
719 1727 804 1786 artes
830 1721 1008 1808 multiplioi
1036 1723 1177 1790 ratione.
1232 1727 1292 1808 vit,
1315 1749 1383 1794 non
1409 1727 1545 1816 quidem
1575 1749 1675 1792 eausa
1709 1725 1918 1806 imitationis
1946 1727 2004 1794 sed

412 1827 539 1910 Prirno,
557 1827 599 1894 ad
613 1825 795 1894 lallendnrn
812 1827 956 1912 telleneo,
974 1829 1059 1898 siout
1073 1829 1179 1920 AEgy-
1232 1837 1418 1924 potestatis,
1441 1835 1474 1902 id
1491 1841 1551 1912 est,
1570 1833 1723 1902 subditos
1739 1833 1863 1902 habore
1880 1835 1998 1918 voluit,

410 1939 511 2026 ptios,
530 1945 561 2004 θῖ
579 1939 670 2028 ipsos
690 1961 821 2030 magos,
851 1939 948 2006 Unde
975 1943 1077 2012 etiarn
1102 1965 1177 2032 quae
1208 1999 1210 2004 ,
1232 1951 1263 2012 et
1278 1943 1362 2010 nulli
1377 1943 1545 2032 subjectus
1562 1967 1635 2012 esse
1659 1947 1851 2036 concupivit
1868 1947 1890 2012 ⁵.

412 2045 474 2134 ipsi
489 2069 548 2134 per
562 2045 663 2114 taleni
683 2045 823 2114 modurn
844 2049 949 2114 acturi
970 2055 1059 2132 sunt,
1082 2051 1177 2140 quasi

413 2151 592 2222 divinando
608 2155 802 2246 praediount,
825 2161 861 2220 ut
882 2153 941 2240 ibi,

424 2381 560 2438 Croesus
583 2381 685 2456 perdet
711 2381 806 2438 Halim
839 2387 1020 2440 transvectus
1047 2385 1177 2442 meniana

1062 2473 1174 2546 [regna.

1464 2471 1609 2540 CAPUT
1633 2471 1761 2540 XXIX.

457 2687 622 2768 Secundo,
653 2689 695 2756 ad
731 2687 937 2756 movendum
974 2687 1101 2770 fideles,
1133 2711 1174 2756 ne

412 2795 534 2864 scilieet
562 2797 626 2864 tale
656 2795 736 2888 quid
749 2819 811 2886 pro
832 2819 956 2886 magno
973 2795 1171 2880 desiderent,

412 2925 488 2968 eum
506 2899 642 2970 videant
665 2903 767 2968 etiam
791 2901 898 2966 malos
921 2901 1029 2970 faeere
1055 2899 1176 2990 hujus-
1279 2931 1282 2980 2
1541 2989 1542 2992 Ἴ

1271 3007 1356 3074 Post
1379 3015 1536 3074 naturam
1561 3029 1759 3094 eorpopearn
1780 3013 1812 3072 et
1835 3007 1997 3092 incorpo-

1228 3143 1320 3188 ream
1343 3119 1521 3206 dioendurn
1550 3125 1599 3184 est
1633 3117 1673 3184 de
1694 3125 1814 3184 natura
1834 3117 1998 3182 ex'ntris-

1229 3249 1293 3318 que
1309 3227 1509 3316 composite.
1529 3223 1596 3290 Sed
1610 3225 1722 3312 primo
1740 3247 1779 3290 ex
1795 3231 1888 3314 parte
1904 3245 1998 3288 men·
2051 3233 2054 3236 '

1227 3337 1281 3414 tis,
1300 3335 1446 3402 seeundo
1469 3341 1623 3422 exparte
1648 3331 1809 3422 eorporis,
1832 3331 1929 3398 tertio
1956 3351 1997 3396 ex

1226 3449 1320 3536 parte
1334 3443 1437 3510 totius
1456 3439 1615 3506 bominis.

1271 3551 1320 3618 De
1337 3553 1449 3618 eninra
1464 3549 1566 3638 igitur
1580 3547 1767 3614 'videndam
1784 3553 1833 3614 est
1844 3545 1924 3636 quid
1940 3547 1995 3626 sit,

1229 3659 1412 3728 seeundum
1446 3657 1696 3726 diffinitionem.
1736 3657 1842 3722 Porro
1873 3677 1891 3722 a
1921 3657 1998 3744 qui·

1227 3767 1371 3834 busdern
1396 3767 1570 3846 diffinitur,
1592 3773 1629 3832 ut
1651 3765 1798 3852 spiritus,
1817 3785 1835 3830 a
1856 3761 1998 3852 quibus-

1229 3875 1320 3956 dam,
1351 3881 1388 3938 ut
1421 3875 1545 3950 aniana,
1568 3893 1587 3938 a
1613 3869 1815 3960 quibusdan]
1844 3893 1938 3950 vere,
1960 3877 1997 3936 ut

1230 3981 1366 4070 spiritus
1383 3989 1414 4046 et
1430 3979 1554 4044 afnima.

1273 4085 1312 4152 ln
1332 4093 1494 4176 quantum
1516 4085 1620 4174 igitur
1634 4083 1747 4152 anima
1761 4091 1916 4150 naturam
1940 4081 1996 4148 ha-

1230 2693 1322 2776 Quid
1334 2693 1380 2758 rit
1395 2691 1511 2758 altimo
1526 2689 1712 2772 seeundum
1727 2689 1998 2778 diffinitionem?

410 3009 655 3092 rnodisTertio,
673 3009 714 3076 ad
729 3007 937 3098 probandam
958 3021 990 3078 et
1008 3021 1176 3078 exemen-
1200 3017 1201 3020 ’

409 3117 484 3184 dam
501 3117 695 3206 patientiam
716 3125 748 3184 et
768 3115 868 3192 tidem
881 3117 1050 3204 justorum
1067 3119 1089 3184 ¹.

625 3651 769 3720 eaeor
794 3653 954 3726 xxrru.

674 3869 725 3930 De
738 3867 909 3954 Lucifero.

240 4231 342 4280 Lucifer
366 4231 398 4280 de
457 4183 506 4250 De
520 4181 672 4252 Lucifero
689 4185 861 4276 sciendum
879 4193 940 4264 est,
959 4187 1122 4278 quodluit
1136 4189 1176 4262 de

239 4295 571 4406 puueqippltiqgsupremo
597 4293 713 4360 ordine
752 4297 932 4384 superioris
964 4295 1173 4380 hierarchiae,

239 4419 399 4492 quantenu-
413 4421 450 4466 ao
470 4401 504 4466 in
524 4398 581 4466 illo
599 4403 714 4468 ordine
740 4427 933 4492 supremum
960 4407 1102 4494 gradum
1125 4415 1178 4472 ῖθ-

287 4483 368 4532 ⁰¹³¹³?
413 4509 505 4574 nuit:
533 4511 585 4574 eui
604 4517 778 4600 tanrquarn
797 4513 940 4600 prineipi
972 4513 1011 4580 de
1036 4515 1177 4602 singulis

413 4619 586 4686 ordinibus
634 4643 756 4710 magna
803 4619 980 4688 multitudo
1022 4621 1206 4704 adliaesit‚'

414 4751 500 4816 quos
516 4751 632 4796 onrnes
648 4751 761 4796 seeum
782 4731 891 4796 traxit.

237 4897 322 4956 onere
346 4895 399 4946 ute·
457 4835 573 4902 Dielus
605 4845 654 4904 est
681 4843 793 4902 autern
826 4837 968 4916 Lucifer,
1001 4841 1079 4928 quin
1112 4863 1178 4928 prae

254 4967 295 5008 rus
314 4957 389 5040 nnci—
414 4945 539 5012 reeteris
554 4943 649 5024 luxit,
668 4967 803 5034 suaque
824 4945 1080 5036 pulchritudinis
1096 4971 1178 5016 eon-

289 5021 348 5072 tart
414 5051 570 5120 sideratio
586 5075 663 5122 eunt
680 5057 871 5120 exeaecavit.
896 5055 1048 5122 Prirnurn
1070 5057 1177 5124 horni-

412 5183 489 5226 nern
513 5163 667 5240 tentavit,
691 5171 722 5228 et
745 5161 825 5228 uieit
842 5171 864 5228 Ξ.
889 5161 1080 5232 Seeundurn
1103 5173 1179 5230 ten-

411 5271 507 5354 tavit,
538 5279 569 5336 et
594 5273 705 5338 'tintus
739 5273 825 5338 est³.
863 5273 1068 5362 Potestatern
1100 5283 1179 5342 tuno

411 5379 533 5456 amisit,
552 5401 653 5468 quarn
683 5379 810 5444 ultiniis
843 5381 1054 5468 temporibus
1082 5405 1179 5448 reeu-

447 5651 455 5684 1
472 5647 512 5702 uf.
530 5647 591 5714 tob,
608 5667 616 5702 1
632 5651 660 5702 et
674 5663 705 5718 li,
722 5649 843 5720 passim.

445 5735 510 5792 ²Cl.
528 5739 630 5794 Genes
647 5755 686 5810 ru,
704 5741 716 5794 1
734 5745 762 5794 et
778 5755 840 5810 seq.

445 5823 512 5878 ³Cl.
528 5823 627 5878 blutth.
645 5841 680 5894 rr,
698 5825 771 5878 1-11.

1229 4197 1285 4262 bet
1306 4195 1453 4284 spiritns,
1476 4193 1640 4260 diffinitur
1667 4193 1707 4260 ab
1733 4191 1925 4260 Alexandro
1951 4193 1998 4258 sie

1230 4305 1264 4372 in
1289 4301 1374 4370 libro
1409 4303 1448 4370 de
1477 4305 1575 4370 Motu
1608 4299 1738 4366 cordis:
1764 4325 1780 4364 u
1811 4299 1932 4364 Anima
1951 4307 2000 4364 est

1229 4411 1416 4478 substantia
1430 4411 1640 4496 incorporea,
1658 4405 1906 4482 intellectualis,
1925 4403 2001 4470 illu·

1230 4521 1425 4586 minationis
1441 4541 1557 4606 capon,
1571 4515 1693 4582 ultirnn
1709 4515 1911 4582 revelatione
1929 4535 2003 4602 per-

1230 4627 1372 4714 eeptiva.
1394 4651 1409 4688 »
1430 4625 1560 4694 Ultimo
1586 4623 1719 4706 dieitur,
1747 4619 2001 4712 quia1nedian-

1230 4735 1320 4800 tibus
1334 4733 1474 4820 Angelis
1490 4731 1641 4822 percipit.
1660 4729 1709 4794 Ex
1724 4729 1788 4796 bae
1802 4727 2001 4796 diffinitione

1231 4841 1477 4930 cognoscimnS‚
1497 4837 1588 4928 quod
1604 4837 1740 4924 spiritus
1757 4835 1926 4902 humanus
1944 4837 2002 4924 qui

1231 4959 1281 5018 est
1300 4945 1427 5032 anime,
1444 4949 1532 5016 inter
1551 4969 1670 5012 ornnes
1686 4955 1854 5014 creaturus
1879 4949 2003 5012 irnrne-

1232 5059 1320 5126 diate
1336 5065 1413 5148 post
1433 5057 1582 5148 Angelos
1604 5055 1862 5122 illuminationis
1884 5055 2004 5120 divinae

1232 5171 1274 5234 sit
1290 5171 1515 5258 pereeptirus.

1276 5279 1497 5344 Aninruvero
1527 5279 1561 5342 in
1600 5283 1766 5365 quantum
1801 5275 1925 5354 anirna,
1957 5273 2003 5336 sie

1232 5387 1395 5456 diffinitur
1416 5409 1434 5452 a
1454 5387 1632 5474 Remigio:
1667 5411 1680 5446 u
1699 5383 1824 5452 Anima
1848 5389 1899 5448 est
1924 5381 2004 5446 suh-

1267 5653 1337 5710 4Cl.
1358 5653 1443 5708 doun.
1460 5669 1508 5714 un,
1526 5651 1571 5708 31.

1271 5741 1471 5816 ὅ(11.1ῖρθθθῖ.
1488 5757 1538 5804 xx,
1555 5743 1581 5794 2.
1678 5817 1680 5822 Ι

1267 5833 1278 5868 ⁶
1299 5835 1340 5892 ul.
1358 5833 1404 5888 lsa
1423 5847 1479 5898 xrr,
1496 5831 1527 5882 13
1541 5835 1569 5884 et
1584 5833 1627 5888 tl.
