4250 6376
158 3165 306 3308 laggai&
319 3221 534 3300 matutinam,
551 3229 583 3286 et
598 3219 838 3306 vespertinam.
863 3217 1083 3286 illuminatio·

650 469 891 542 COMPENDH
913 469 1204 552 THEOLOGICAE
1227 469 1457 534 vernans
1483 471 1563 536 Lttr.
1591 473 1632 538 ll.
1859 475 1901 570 351

350 671 364 710 a
381 645 425 710 tio
449 649 570 708 stantes
592 645 624 706 in
649 643 762 708 ordine
788 665 861 724 sno,
879 641 1039 730 perlectos
1064 643 1097 706 iu
1154 639 1193 706 ad
1208 637 1353 706 divinam
1375 641 1625 726 coguitionem:
1654 641 1724 706 ideo
1749 663 1815 728 prae
1841 665 1905 722 cre-

349 781 362 812 «
379 771 495 840 genere
527 771 601 832 suo,
631 747 879 814 immortalitate
905 755 1093 836 perpetum,

347 883 360 922 a
379 865 485 922 mente
496 877 609 946 parm,
623 853 740 922 ellectu
750 855 924 942 benignos,
935 853 1093 942 religione

344 995 358 1028 u
377 967 458 1054 pior,
477 965 693 1030 unanimitate
706 965 879 1042 indivisos
901 985 981 1052 paee
1003 985 1092 1030 secu-

343 1099 357 1138 a
375 1095 436 1150 roe,
457 1071 577 1136 [lirinis
596 1069 749 1138 laudibus
766 1077 797 1138 et
812 1070 978 1160 obsequiis
998 1071 1091 1138 dedi-

342 1187 452 1244 ‹rlOS.u

379 1287 473 1364 Item,
490 1285 671 1352 secundnm
687 1285 906 1366 bernardum,
923 1285 956 1348 in
981 1285 1087 1372 Ange·

335 1393 374 1458 lis
394 1399 441 1456 est
458 1393 599 1480 dignitas
621 1393 810 1472 creationis,
832 1393 936 1480 gratia
965 1393 1087 1456 contir-

335 1501 499 1576 mationis,
523 1521 617 1564 amor
632 1501 800 1580 amatorie,
830 1501 914 1566 visio
931 1497 1085 1564 diuinita-

334 1609 384 1674 tis.

374 1715 430 1780 Est
446 1717 544 1780 etiam
560 1717 594 1780 in
611 1713 749 1804 Angelis
764 1735 824 1802 per
852 1715 975 1788 omnia,
1003 1715 1086 1780 siout

333 1845 429 1912 supra
449 1823 650 1900 dictumest,
672 1823 823 1892 essentiae
840 1821 1016 1898 subtilitate,
1034 1823 1086 1886 in-

331 1933 519 2020 telligentiae
548 1933 792 2020 perspicacitas,
834 1931 929 1996 liberi
963 1931 1086 1998 arbitrii

330 2039 477 2116 incultae,
514 2041 683 2128 agilitatis
710 2039 879 2106 velocitas,
928 2041 1086 2128 Prornpte

330 2145 631 2212 omuesobediuut.
668 2147 810 2234 blajores
844 2149 914 2212 sine
944 2145 1086 2212 eletione

326 2259 480 2340 praesunt,
517 2255 665 2320 minores
700 2255 769 2320 sine
798 2255 882 2320 vitio
913 2255 1081 2320 subsunt:

326 2363 378 2450 qui
410 2359 450 2428 acl
480 2361 646 2428 exteriora
686 2369 819 2440 exeunt,
865 2361 905 2428 ab
935 2363 1085 2428 interiori

325 2467 604 2556 contemplatione
636 2491 704 2536 uon
730 2469 900 2536 recedunt.
941 2467 1084 2534 Omnem

323 2577 494 2642 veritatem
515 2577 713 2644 inferiorum
731 2579 920 2666 superiores
953 2579 1085 2664 partici-

321 2693 408 2772 pant,
425 2691 525 2760 noufe
542 2691 669 2752 contra.
702 2683 766 2762 Qui
790 2683 957 2750 excellunt
980 2685 1014 2750 in
1030 2707 1085 2752 na·

320 2797 404 2872 tura,
433 2791 626 2878 praecedunt
655 2793 690 2856 iu
709 2791 816 2880 gratia
841 2799 872 2858 et
900 2791 1020 2880 gloria.
1047 2791 1084 2856 ln

321 2899 435 2964 eodem
465 2899 584 2964 ortliue'
611 2899 791 2964 ereduntur
821 2897 876 2964 alii
902 2921 975 2966 esse
1013 2899 1105 2964 aliis¹

321 3005 499 3092 digniores.

158 3103 306 3182 lisrornge.
362 3109 538 3200 Duplioem
574 3109 699 3176 hebent
741 3111 920 3190 visionem,
962 3111 1085 3176 scilieet

317 3347 383 3400 nes,
403 3347 518 3414 quasa
545 3323 777 3412 superioribus
803 3325 982 3412 recipiunt,
1010 3325 1083 3390 aliis

314 3433 475 3496 tribuunt.

548 3975 693 4042 cucur
735 3945 830 4042 mr.

302 4193 351 4258 De
368 4189 648 4280 proprietatibur,
667 4199 697 4254 et
713 4191 841 4276 officiis
855 4189 1075 4276 singulorum

599 4297 773 4364 ordinum.

342 4607 524 4698 Proprium
545 4617 595 4676 est
609 4609 793 4696 Seraphim
812 4609 849 4674 in
878 4631 995 4674 amore
1010 4609 1072 4674 Dei

299 4717 423 4798 ardere,
443 4725 475 4784 et
491 4717 575 4784 alios
592 4717 634 4782 ἃᾶ
650 4715 846 4780 incendium
858 4715 963 4780 divini
981 4737 1075 4780 anro-

298 4831 341 4894 ris
370 4853 584 4918 promerere,
615 4831 707 4894 etin
744 4829 857 4894 Deum
887 4827 1070 4894 ordinere:

297 4937 455 5026 diligendi
470 4939 618 5006 formam
635 4935 798 5004 tribuere.
817 4935 876 5002 lsti
894 4935 1072 5002 immedia-

296 5049 326 5110 te
347 5043 417 5110 Deo
429 5047 624 5134 junguntur
647 5071 653 5110 ε
673 5045 797 5110 ntideo
817 5047 936 5132 purius
953 5053 984 5110 et
998 5065 1074 5132 per·

293 5149 409 5216 lectius
436 5155 471 5218 in
504 5153 599 5240 ipsos
629 5157 810 5240 operantes
853 5149 1072 5238 theophania

293 5255 486 5322 deierantur
505 5281 511 5322 :
535 5257 683 5322 adalind
701 5279 838 5346 quoque
863 5265 960 5322 extra
975 5277 1074 5322 ama-

291 5365 363 5424 tum
378 5383 447 5428 non
465 5363 652 5428 divertunt.

335 5467 517 5532 Cherubim
534 5491 671 5556 quoque
688 5471 801 5556 primo
823 5477 855 5536 et
869 5467 1072 5558 principali-

288 5577 337 5638 ter
353 5573 504 5638 relucent
520 5573 626 5640 divini
652 5575 793 5640 luminis
818 5575 929 5656 radio,
950 5599 1013 5664 pro
1030 5599 1070 5642 eo

290 5679 379 5764 qnod
393 5681 540 5746 vicinius
560 5683 679 5766 primae
696 5683 831 5762 veritati
843 5701 851 5712 ·
860 5683 1068 5772 junguntur.

290 5781 420 5848 Horum
442 5785 595 5848 alliciunt
611 5797 663 5852 est
682 5809 888 5874 promovere
910 5789 1070 5858 homiues

1149 745 1227 812 teris
1244 745 1396 812 dicuntur
1411 741 1518 820 lucere
1542 763 1547 808 :
1568 741 1644 832 quia
1664 745 1900 832 plenitudinem

1147 851 1284 934 luminis
1301 877 1399 942 quem
1419 853 1614 940 suscipiunt,
1637 853 1706 918 aliis
1735 853 1898 918 inferiori-

1146 959 1207 1024 bus
1236 961 1513 1024 communicando
1543 957 1788 1024 transfundunt.

1190 1069 1311 1134 Tltrnni
1328 1069 1492 1150 dicuntur,
1511 1089 1548 1132 eo
1567 1067 1655 1156 qnod
1670 1069 1702 1132 in
1720 1067 1898 1132 eisllomi

1143 1201 1205 1244 uus
1226 1179 1347 1256 sedent,
1367 1187 1398 1246 et
1409 1177 1533 1264 judicia
1561 1201 1620 1242 sua
1638 1197 1697 1264 per
1712 1199 1769 1242 eos
1790 1177 1899 1242 deter-

1142 1287 1258 1352 minet.
1279 1285 1315 1350 ln
1335 1285 1386 1350 bis
1407 1309 1485 1374 ergo
1509 1285 1675 1372 praecipue
1699 1277 1822 1348 relucet
1845 1305 1900 1348 re-

1141 1391 1266 1458 ctitudo
1292 1391 1394 1456 divini
1417 1389 1542 1478 judieii.
1568 1381 1610 1454 Hi
1639 1411 1772 1478 quoque
1796 1391 1899 1454 virtu-

1139 1505 1207 1562 tem
1228 1497 1289 1564 Dei
1306 1519 1408 1586 quam
1428 1517 1577 1586 snprase
1594 1497 1768 1584 accipiunt,
1787 1495 1828 1562 ad
1845 1497 1896 1562 in-

1139 1605 1276 1672 feriores
1298 1589 1546 1670 transfundunt.

1188 1713 1440 1778 Dominutionar
1469 1711 1636 1794 dicuntur,
1664 1735 1702 1778 eo
1726 1711 1813 1800 quod
1841 1733 1900 1778 oae-

1138 1821 1218 1886 teris
1243 1819 1380 1912 Angelis
1409 1819 1635 1900 dominantur,
1672 1829 1703 1886 et
1736 1819 1776 1886 ab
1808 1821 1902 1918 omni

1141 1927 1357 2014 oppressione
1373 1937 1449 1996 sunt
1462 1927 1573 2006 liberi,
1596 1935 1627 1994 et
1642 1927 1725 1998 nulli
1754 1927 1901 1994 inferiori

1139 2035 1374 2122 snbjiciuntur.
1393 2035 1523 2100 Horum
1544 2033 1691 2126 ollioiurn
1715 2035 1899 2108 secundnm

1140 2137 1351 2230 Gregorinm,
1387 2149 1435 2206 est
1469 2143 1502 2206 in
1530 2139 1617 2206 bello
1650 2139 1812 2230 spirituali
1850 2141 1902 2206 iu-

1138 2255 1264 2318 struere
1305 2249 1446 2336 qualiter
1498 2257 1649 2338 oporteat
1692 2245 1898 2338 praelationis

1138 2353 1285 2438 officium
1319 2377 1482 2434 exercere,
1518 2363 1550 2422 et
1579 2357 1719 2446 qualiter
1756 2355 1900 2422 debeant

1137 2463 1276 2528 subditis
1293 2461 1469 2528 dominari.
1488 2461 1618 2540 Horum
1635 2465 1734 2530 etiam
1751 2451 1897 2528 ollioium

1138 2575 1186 2634 est
1214 2569 1396 2634 secundum
1427 2569 1640 2656 Dionysium,
1672 2569 1794 2636 timore
1829 2591 1902 2634 ser-

1136 2677 1193 2746 vili
1228 2677 1392 2766 deposito,
1414 2679 1448 2742 in
1469 2679 1578 2746 Deum
1598 2669 1727 2744 uiolari
1743 2685 1774 2744 et
1790 2679 1897 2746 inoes-

1138 2793 1249 2850 sanler
1265 2785 1293 2850 ei
1318 2785 1485 2850 famulari.
1660 2789 1661 2792 ’

1184 2893 1404 2980 Principalem
1424 2891 1713 2980 subditisAngelis
1741 2901 1902 2980 praesunt‚

1139 3003 1170 3062 et
1190 3019 1246 3064 eos
1271 2997 1313 3062 ed
1336 2999 1560 3064 ministerium
1589 2999 1740 3064 diuinum
1770 2999 1905 3088 explen-

1139 3103 1219 3170 dum
1236 3107 1430 3194 disponunt.
1452 3105 1506 3172 Aa
1547 3105 1610 3172 hos
1632 3107 1776 3194 pertinet
1791 3129 1907 3174 secun·

1138 3213 1218 3280 dum
1268 3213 1483 3302 Dionysium,
1517 3197 1706 3280 universale
1753 3217 1904 3304 regimen

1136 3323 1236 3388 unius
1253 3325 1359 3410 regui,
1377 3321 1432 3388 rel
1457 3323 1564 3410 gentis
1586 3323 1706 3388 ducere
1722 3321 1761 3388 ad
1777 3323 1837 3388 Dei
1860 3325 1908 3388 si-

1136 3427 1374 3496 militudinem.
1393 3427 1620 3494 Ministerinm
1637 3451 1772 3516 quoque
1788 3451 1907 3494 eorum

1134 3541 1185 3598 est
1208 3535 1394 3602 seeundum
1411 3535 1626 3622 Gregorium,
1658 3535 1777 3600 dooere
1797 3533 1906 3600 homi-

1133 3665 1192 3708 nes
1208 3643 1365 3708 exhibere
1392 3643 1617 3708 reverentiam
1643 3643 1830 3730 uuicuique
1857 3665 1907 3706 se-

1133 3735 1286 3822 cundum¹
1318 3749 1460 3838 gradum
1495 3773 1606 3814 suum.
1637 3749 1770 3814 Horum
1802 3751 1902 3816 etiam

1132 3855 1281 3922 officium
1302 3865 1353 3922 est
1367 3877 1569 3946 promovere
1586 3857 1754 3938 homines,
1776 3865 1812 3922 nt
1832 3877 1902 3922 non

1129 3971 1268 4052 propter
1286 3963 1467 4030 utilitatem
1486 3965 1671 4052 propriam,
1690 3965 1747 4030 sed
1767 3971 1904 4052 propter

1130 4071 1235 4138 solius
1264 4071 1326 4138 Dei
1359 4093 1512 4136 amorem
1529 4081 1561 4138 et
1589 4069 1755 4138 honorem
1780 4071 1905 4138 iaciant

1125 4177 1308 4262 justitiam.

1173 4285 1405 4354 Potestntibur
1425 4285 1614 4352 secundnm
1640 4285 1822 4362 Isidorum,
1842 4287 1908 4352 rir-

1127 4397 1215 4456 tutes
1232 4393 1381 4460 adversm
1396 4391 1558 4478 subjectae
1586 4399 1676 4474 sunt,
1704 4415 1745 4456 ne
1776 4393 1905 4458 mundo

1126 4505 1260 4564 tantum
1281 4507 1439 4578 noceant,
1463 4507 1629 4588 qnantum
1650 4497 1803 4586 cupiunt.
1835 4497 1905 4564 Ho-

1126 4629 1203 4674 rum
1229 4605 1379 4672 cilinium
1408 4605 1598 4672 secundum
1625 4605 1840 4694 (bogerium,
1860 4613 1910 4672 est

1124 4713 1203 4780 illos
1221 4717 1280 4802 qui
1298 4711 1519 4802 inspirituali
1538 4715 1722 4780 certamine
1739 4713 1908 4780 desudant

1126 4819 1329 4900 confortare,
1352 4831 1385 4886 et
1400 4843 1440 4886 ne
1457 4819 1632 4906 spirituale
1653 4841 1799 4908 regnum
1811 4819 1909 4884 amit-

1125 4931 1210 5002 tent,
1247 4927 1439 4996 deieudere.
1472 4925 1512 4992 Et
1550 4927 1737 4994 seeundum
1777 4925 1909 5014 Diony-

1126 5035 1227 5112 sium,
1247 5035 1288 5098 ud
1310 5035 1403 5122 ipsos
1418 5041 1559 5124 spectat,
1589 5033 1741 5124 Angelos
1766 5033 1910 5118 interio-

1125 5161 1180 5206 res
1197 5147 1362 5230 quautum
1378 5141 1542 5228 possibile
1563 5151 1625 5224 est,
1643 5141 1768 5206 divinae
1786 5149 1905 5230 potem

1124 5249 1424 5336 tiaeconlormare.
1895 5309 1896 5312 ,

1176 5355 1416 5420 Virtutarsuut
1433 5353 1660 5442 infatigabiles
1692 5355 1735 5422 ad
1764 5379 1911 5440 exseeu-
1955 5429 1957 5432 ,

1123 5463 1254 5548 tionem
1271 5461 1519 5540 faciendorum,
1538 5471 1570 5528 et
1594 5461 1724 5530 robusti
1754 5463 1796 5530 ἃᾶ
1832 5489 1918 5554 ρων-φ

1124 5571 1315 5656 ceptionem
1346 5591 1542 5638 munerum.
1577 5569 1711 5638 Horum
1756 5573 1908 5640 officium
1964 5571 1965 5574 '

1124 5685 1175 5746 est
1190 5677 1380 5752 seeundum
1396 5671 1616 5766 Dionysium,
1634 5681 1755 5766 docere
1768 5763 1770 5766 Ι
1783 5681 1907 5770 praela-

1124 5791 1239 5864 los‚ut
1259 5783 1355 5848 facile
1385 5791 1416 5848 et
1449 5791 1720 5870 perseveranter,
1755 5811 1833 5876 ¹qum
1865 5791 1908 5854 ad
