4250 6376
309 453 351 520 tl

147 645 265 718 666616,
353 621 493 690 Galaria
522 629 571 688 661
590 623 770 688 multitudo
798 645 980 712 parvarum
999 625 1075 690 stel-

176 709 261 774 quur
308 733 430 812 larum,
454 733 546 820 quasi
564 733 799 822 contiguarum
820 733 867 798 illi
886 733 961 798 loco
987 733 1076 800 orbis

309 841 367 908 nhi
383 837 581 907 diffunditur
594 841 711 906 lumen
726 839 816 908 solis.

157 969 276 1030 scripse,
354 949 407 1014 Fit
432 953 544 1014 autem
583 947 726 1036 eclipsin,
749 969 825 1014 oum
855 969 890 1014 se
915 947 1077 1014 66111666

149 1033 284 1144 1106111110
311 1053 488 1130 subnectit,
506 1053 711 1120 6116661666
728 1053 969 1132 alliciatNota,
987 1053 1077 1144 quod

176 1157 264 1204 scena
312 1183 429 1228 ornnes
455 1159 561 1228 stellae
587 1159 800 1250 eclipsantur,
819 1167 851 1228 61
872 1159 1077 1252 116666616-

135 1219 368 1348 1111111111-616,
386 1269 440 1336 vel
461 1279 592 1346 eterra,
610 1269 664 1334 vel
681 1291 698 1336 a
713 1269 867 1358 planetis

163 1345 267 1394 monor
355 1375 504 1444 Planetae
538 1375 694 1442 dicuntur
735 1375 939 1466 quandoque
972 1385 1076 1444 16116-

313 1483 418 1576 gradi,
443 1483 645 1574 quandoque
674 1483 893 1574 progressiui‚
924 1485 1077 1574 quando-

313 1617 378 1684 que
413 1595 610 1676 stationarii,
642 1601 743 1684 prout
770 1593 804 1662 in
833 1593 990 1684 epioyclis
1010 1595 1077 1662 suis

156 1735 275 1790 Ptanera
313 1699 538 1768 diversimode
554 1705 744 1766 mouentur.
762 1699 910 1794 Planetee
933 1707 1011 1766 6661
1039 1699 1080 1766 si-

187 1801 272 1866 quior
311 1807 391 1876 dora
407 1807 492 1900 inter
508 1807 628 1874 coelum
647 1815 678 1874 et
699 1815 820 1874 terram
842 1811 998 1888 errantia,
1020 1807 1080 1874 dr·-

311 1921 483 1982 mamento
513 1915 717 1980 contrarium
767 1937 903 1982 6616616
933 1917 1077 2008 agentia.

312 2023 420 2092 Cursu
455 2045 555 2112 quem
593 2023 719 2092 hahent
752 2023 792 2090 ah
822 2023 953 2090 inlluxu
980 2023 1079 2112 primi

310 2131 448 2200 mobilis
485 2139 666 2198 mouentur
695 2131 827 2206 directe,
857 2131 915 2198 sed
942 2133 1079 2220 proprio

309 2263 408 2306 cursu
424 2249 607 2308 moventur
623 2239 757 2328 oblique
772 2259 858 2306 :non
873 2239 1075 2306 scintillant:

311 2347 435 2440 singuli
454 2371 532 2416 suos
557 2347 688 2416 colores
714 2357 747 2416 61
765 2349 908 2416 61166166
923 2347 1047 2416 hahent
1070 2371 1075 2414 :

309 2467 342 2528 et
370 2483 446 2526 cnm
481 2459 622 2528 circulos
652 2457 796 2524 aliorum
829 2459 1075 2548 ingrediuntur,

309 2569 411 2638 ctiam
446 2567 582 2636 illorum
615 2569 816 2660 participant
850 2569 1075 2656 qualitatemr

309 2699 387 2742 6616
417 2675 487 2742 6616
508 2677 669 2742 intrantes
695 2675 905 2742 occultantur
926 2697 933 2740 ;
951 2683 1075 2764 quanto

308 2789 406 2850 terrea
427 2785 699 2872 propinquiores,
727 2789 817 2848 lanto
843 2781 984 2850 circulos
1017 2783 1077 2850 ha·

308 2893 391 2958 hent
423 2893 594 2958 breviores
626 2913 633 2960 ε
671 2899 793 2980 quanto
823 2899 902 2958 sunt
930 2891 1074 2974 61116166,

309 3007 403 3068 161116
443 3023 558 3066 661666
593 3023 708 3068 661616
742 3001 905 3066 naturalis
944 3001 1077 3066 videtur

310 3131 383 3176 6666
416 3107 554 3176 tardior.
587 3109 736 3196 Corpora
757 3131 873 3174 eorum
899 3129 967 3174 non
1001 3115 1078 3172 6661

309 3215 422 3284 lucida
449 3215 502 3282 161
531 3217 718 3304 661661666,
742 3215 799 3282 scd
823 3237 927 3304 opaca
956 3237 962 3282 :
990 3213 1077 3280 alio-

312 3325 394 3414 quin
409 3347 477 3390 uon
494 3325 691 3412 eclipsarent
705 3347 740 3390 se
761 3325 919 3390 invicem.

137 3473 294 3538 uotuspri-
356 3431 467 3498 Motus
500 3431 598 3520 primi
628 3431 774 3508 mobilis,
809 3431 934 3498 scilicet
979 3455 1077 3500 66616

137 3537 296 3592 memnonis.
313 3541 451 3630 spherae
480 3541 521 3606 ah
542 3541 668 3608 oriente
697 3541 731 3606 in
753 3541 971 3616 occidentem,
1001 3541 1077 3608 red·
1111 3585 1112 3588 =

312 3651 383 3716 iens
417 3649 539 3714 1161616
566 3649 599 3714 16
629 3649 807 3732 orientem,
825 3649 946 3716 dicitur·
974 3649 1078 3718 ratio-

313 3757 413 3838 nalis,
428 3755 468 3822 ad
485 3757 738 3822 similitudinem
754 3763 866 3824 motus
882 3757 1021 3824 rationis
1043 3757 1077 3824 in

313 3867 550 3946 microcosmO,
581 3865 715 3954 quando
744 3865 780 3930 111
812 3865 1079 3932 consideration

314 3981 462 4042 creatore
477 3997 536 4064 per
551 3979 732 4052 creaturae,
754 3973 884 4040 rediens
900 3973 933 4038 iu
949 3979 1080 4040 creato-

139 4105 227 4156 Motus
259 4105 397 4162 serem,
434 4087 465 4146 61
494 4081 537 4148 ihi
569 4081 729 4148 sistendo
759 4081 933 4146 Secundus
968 4089 1079 4146 motus

170 4169 283 4220 cunnus.
312 4191 517 4258 firmamenti
533 4197 564 4258 et
592 4191 803 4280 planetarum
820 4197 869 4258 est
898 4189 976 4258 huic
997 4213 1080 4258 con-
1101 4273 1102 4276 Ἴ

312 4301 447 4378 1161166,
465 4301 506 4366 ab
528 4301 698 4366 occidente
713 4303 747 4366 in
767 4303 930 4367 orientem
950 4299 1080 4368 rediens

312 4411 346 4474 16
381 4405 601 4488 occidentem,
627 4409 686 4498 qui
714 4409 834 4474 dicitur
862 4409 1078 4484 irrationalis,

312 4515 384 4582 sive
414 4513 591 4596 sensualis,
609 4515 650 4582 ad
671 4515 927 4582 similitudinem
964 4515 1082 4582 micro·

312 4623 431 4700 cosmi,
450 4623 508 4712 qui
528 4631 576 4690 661
597 4645 616 4690 a
632 4623 905 4714 corruptibilibus
920 4623 962 4690 ad
990 4645 1083 4690 crea-

311 4737 434 4812 torem,
461 4737 495 4798 et
527 4733 655 4798 1161616
674 4731 804 4798 rediens
824 4731 866 4798 ad
885 4729 1084 4820 corruptibi-

311 4839 368 4906 lia.

578 5161 724 5230 CAPUT
749 5161 806 5228 Vl.
881 5201 882 5204 =
964 5165 966 5168 ’

612 5377 665 5440 De
690 5373 772 5440 1666.

137 5729 203 5788 Lux,
215 5725 295 5792 quid,
356 5687 431 5752 Lux
447 5693 508 5764 661,
529 5695 567 5754 61
591 5689 637 5752 611
655 5683 898 5776 Philosophus
915 5693 1007 5754 actus
1034 5687 1083 5752 lu·

315 5795 393 5878 cidi,
430 5795 615 5862 secundum
659 5793 749 5886 quod
799 5795 960 5864 lucidum.
986 5793 1083 5866 Unde

842 451 881 520 D.
908 453 1005 520 ALB.
1033 453 1142 522 MAG.
1169 453 1269 520 ORD.
1297 449 1431 520 PRAED

1131 625 1302 690 sciendum
1325 631 1386 700 est,
1409 625 1501 712 quod
1515 623 1574 692 lux
1589 631 1639 692 est
1660 623 1804 712 qualitas
1820 643 1897 688 cor—
1928 659 1929 664 1

1128 733 1220 820 poris
1248 731 1422 806 luminosi,
1454 733 1539 798 siout
1571 729 1664 796 calor
1692 731 1790 820 ignis.
1823 729 1898 796 Lux

1129 861 1263 928 quoque
1285 839 1341 906 dat
1355 859 1427 904 esse
1443 837 1662 904 intentionale
1684 839 1893 928 corporibus

1128 948 1183 1014 vel
1220 948 1402 1030 coloribus,
1429 947 1515 1014 sicut
1555 947 1743 1014 intellectus
1793 971 1896 1038 agens

1128 1053 1419 1142 phantasmatibus
1451 1053 1506 1120 dat
1549 1079 1622 1122 esse
1660 1055 1893 1122 intellectuale.
1972 1105 1973 1108 ,

1128 1159 1206 1250 1666
1221 1169 1271 1228 661
1297 1163 1446 1228 medium
1478 1161 1629 1228 deterens
1645 1163 1770 1240 omnia,
1788 1185 1862 1252 666
1878 1185 1896 1228 6

1129 1265 1213 1336 coelo
1247 1267 1289 1332 ad
1322 1275 1396 1334 nos
1415 1267 1631 1336 descendunt.
1653 1269 1731 1356 1666
1762 1291 1896 1358 quoque

1130 1383 1261 1442 mutuat
1277 1399 1398 1464 corpus
1413 1399 1482 1444 666
1501 1375 1617 1444 166666
1638 1399 1656 1442 6
1674 1377 1798 1444 lucido.
1821 1377 1897 1466 1666

1130 1495 1180 1552 661
1202 1485 1386 1552 seeundum
1403 1485 1650 1576 Philosophum
1676 1485 1749 1552 eceli
1774 1509 1898 1576 purpu-

1130 1615 1179 1676 16,
1208 1591 1439 1660 maleficorum
1475 1595 1625 1674 inimica,
1664 1595 1898 1684 nauigantium

1130 1693 1283 1780 directio,
1316 1701 1434 1768 oculus
1466 1703 1586 1778 noctis,
1623 1701 1723 1768 facies
1748 1703 1921 1768 omnium¹

1130 1831 1255 1876 rerum.
1279 1809 1365 1888 Lux,
1390 1815 1426 1876 ut
1455 1811 1500 1876 ait
1526 1809 1750 1900 Augustinus,
1773 1815 1901 1876 rectum

1132 1917 1235 1984 hahet
1262 1917 1443 2002 incessum,
1467 1926 1498 1984 61
1527 1917 1620 1986 66116
1650 1919 1752 1986 modo
1781 1917 1905 1984 incedit

1130 2049 1191 2116 per
1207 2049 1358 2094 curvum.
1378 2027 1458 2092 Haec
1475 2027 1634 2094 omnihus
1658 2027 1758 2094 rebus
1792 2035 1824 2092 61
1845 2025 1904 2092 de-

1131 2155 1245 2200 corem
1261 2137 1389 2218 tribuit,
1409 2141 1440 2200 61
1456 2133 1582 2224 absque
1598 2135 1656 2202 illa
1685 2143 1803 2202 cuncta
1826 2143 1905 2200 suut

1130 2239 1247 2328 ignota
1263 2249 1293 2308 61
1308 2239 1517 2306 abscondita.
1534 2241 1647 2308 1116166
1663 2241 1735 2330 ejus
1751 2249 1800 2306 661
1815 2239 1904 2308 subi·

1131 2353 1185 2414 tus
1208 2349 1312 2438 :quia
1337 2347 1408 2414 sinc
1430 2367 1524 2414 mora
1548 2345 1653 2436 replet
1679 2347 1804 2414 omnia.
1823 2347 1903 2416 Haec

1130 2457 1166 2522 in
1194 2453 1368 2544 superficie
1403 2457 1554 2546 66166116
1583 2455 1737 2522 umbrosi
1763 2479 1833 2522 666
1868 2479 1902 2524 66

1130 2563 1311 2656 perfundit,
1330 2563 1438 2630 sedin
1456 2587 1596 2652 6616616
1623 2563 1791 2652 diophane
1811 2587 1817 2630 :
1839 2587 1902 2630 66-

1131 2671 1170 2740 de
1210 2671 1394 2738 seoundnm
1429 2673 1578 2758 corporis
1608 2671 1813 2760 grossitiem,
1847 2671 1901 2738 vel

1130 2779 1349 2846 subtilitatem
1367 2779 1474 2866 magis
1492 2785 1524 2842 et
1538 2779 1651 2844 minus
1666 2779 1897 2866 participatur.

1128 2885 1204 2951 Lux
1220 2885 1308 2974 enim
1326 2885 1398 2950 sine
1413 2885 1465 2948 661
1481 2883 1704 2950 diminutione
1721 2883 1845 2974 ubique
1865 2907 1899 2956 se

1130 2985 1296 3058 Ι[1111661111.
1319 2991 1439 3058 Ρ16166
1462 2993 1779 3082 61661161616616616
1796 2991 1898 3060 hahes

1128 3099 1227 3184 intra,
1245 3121 1317 3188 cap.
1343 3099 1383 3166 de
1403 3097 1494 3178 Sole,
1513 3121 1585 3190 qnae
1617 3099 1663 3164 illi
1692 3101 1897 3166 conveniunt

1128 3207 1344 3296 inquantum
1363 3205 1463 3274 lucet.

1176 3313 1357 3382 Sciendum
1388 3321 1447 3400 est,
1480 3313 1570 3406 quod
1601 3313 1660 3382 lux
1688 3323 1828 3382 vocatur
1860 3317 1894 3382 in
1910 3357 1965 3406 tux
1988 3359 2013 3404 e,
2031 3353 2061 3402 1„

1128 3445 1268 3514 corpore
1282 3425 1454 3490 luminoso
1485 3425 1559 3502 166,
1577 3425 1635 3490 sed
1656 3425 1895 3514 [6166661661
1910 3417 2062 3532 Ψθξυξξ11

1130 3539 1179 3598 661
1202 3531 1237 3624 16
1260 3531 1372 3598 lucido
1405 3533 1895 3622 116666616611,6616616166-

1127 3647 1197 3706 tem
1217 3641 1375 3726 1616166,
1397 3649 1429 3708 et
1448 3643 1539 3708 66161
1554 3649 1653 3730 61661
1683 3649 1731 3708 661
1760 3643 1794 3708 16
1820 3665 1896 3708 661-

1128 3771 1211 3836 6616
1244 3773 1361 3838 66666,
1382 3759 1413 3818 61
1440 3751 1492 3816 661
1520 3757 1620 3838 prout
1638 3759 1687 3816 661
1706 3751 1896 3816 commuui-

1130 3877 1210 3922 oens
1226 3857 1310 3924 aliie.

1391 4291 1534 4360 CAPUT
1558 4291 1637 4360 VII.

1312 4513 1364 4578 De
1380 4511 1529 4600 planetis
1550 4511 1584 4576 ln
1608 4511 1727 4600 specie.

1180 4829 1353 4896 Saturnus
1391 4831 1440 4892 est
1469 4847 1486 4890 a
1515 4825 1614 4892 nohis
1648 4827 1906 4908 remotissimus,
1934 4845 2082 4916 saturnus*

1136 4933 1290 5024 frigidus,
1309 4939 1342 4998 et
1361 4933 1467 5000 siccus
1490 4953 1497 5000 :
1516 4933 1580 5002 hoc
1605 4933 1772 5024 intelligas
1791 4935 1831 5026 16
1860 4935 1911 5000 61-

1136 5041 1236 5120 16616,
1257 5041 1344 5108 'sicut
1358 5041 1393 5108 16
1409 5041 1481 5108 61116
1496 5041 1652 5130 planetis
1671 5041 1721 5108 Ex
1739 5043 1908 5110 vicinitate

1138 5151 1210 5238 ejus
1238 5149 1329 5218 calor
1358 5149 1438 5218 66116
1471 5151 1665 5218 remittitur.
1687 5149 1738 5218 Ex
1766 5153 1911 5238 conjun-

1137 5259 1248 5326 ctione
1282 5259 1353 5348 ejus
1389 5281 1464 5326 oum
1498 5259 1583 5326 Jove
1609 5257 1730 5326 clarior
1754 5257 1909 5342 efficitur,

1137 5389 1216 5434 cum
1233 5367 1431 5434 naturaliter
1451 5369 1494 5434 611
1508 5367 1823 5456 661111166Ν661666
1839 5375 1908 5434 est:

1137 5477 1212 5566 ipso
1234 5475 1431 5542 dominante
1460 5483 1587 5542 tantam
1616 5473 1717 5542 hahet
1736 5475 1909 5558 virtutem,

1136 5591 1174 5650 61
1208 5585 1234 5650 61
1265 5583 1386 5666 influat
1405 5583 1438 5650 16
1454 5583 1626 5662 161611616,
1643 5583 1742 5650 fretus
1761 5583 1912 5650 66661161

1137 5691 1374 5774 mortificatus,
1391 5697 1449 5758 aut
1477 5691 1608 5758 debilis.
1628 5689 1708 5758 Plus
1733 5697 1830 5758 nocet
1854 5715 1911 5758 re-

1137 5801 1357 5882 trocedendo,
1389 5823 1489 5892 quam
1518 5801 1742 5894 procedendo.
1761 5787 1913 5900 11616161
