4250 6376
539 417 782 490 COlthENllll
807 417 1101 490 'antonomum
1127 415 1365 488 vuarinus
1392 421 1470 488 LlB.
1499 421 1524 488 l.
1603 415 1604 418 ’
1789 425 1827 488 15

240 593 387 682 sanguis,
413 591 568 682 spiritua,
590 595 739 682 inquam,
764 595 1001 660 sanctificatio-

239 703 420 790 nissaqua
443 699 674 784 absolutionis,
706 703 842 792 sanguis
869 701 998 770 redam-

237 809 369 898 ptionis
393 807 487 874 Hane
507 809 603 874 nohis
621 809 769 874 loannes
792 811 826 874 in
851 809 1000 898 Epistola

236 915 457 996 suareoitat¹.
542 963 554 970 a
598 967 605 970 „
681 967 684 970 .

279 1023 339 1088 Est
354 1043 487 1110 quoque
511 1023 640 1090 trinitas
661 1021 736 1104 elia,
755 1045 813 1110 per
838 1043 936 1112 quam
960 1023 1001 1090 ad

236 1131 377 1222 gloriam
399 1129 630 1210 reformamur,
654 1136 691 1195 ut
715 1137 794 1196 sunt
818 1139 882 1194 tras
906 1129 1000 1198 dotes

236 1239 366 1318 animae,
398 1237 521 1302 seilicet
545 1237 704 1326 cognitio,
732 1235 876 1316 ditantia,
904 1261 1001 1306 som-

234 1345 425 1436 pruhensio.
798 1423 802 1430 ι

278 1453 336 1518 Εεῖ
355 1461 387 1518 θῖ
411 1449 586 1540 multiplex
611 1453 741 1518 trinitas
768 1453 802 1516 in
827 1453 998 1536 amatoria,

154 1577 159 1594 ²
236 1587 307 1654 quae
325 1571 372 1630 θεῖ
387 1563 568 1652 vestigium
584 1563 702 1646 beatae,
719 1569 749 1630 θῖ
765 1563 918 1630 increata
932 1563 1001 1628 Tri-

166 1705 168 1710 ·
237 1673 359 1754 uitalia,
388 1679 419 1738 θῖ
439 1669 561 1742 dehoc
585 1669 689 1738 habes
718 1673 753 1738 in
778 1671 874 1740 titulo
900 1695 1001 1762 supra

235 1781 376 1862 deoimo,
414 1777 505 1870 quod
536 1803 551 1842 a
585 1781 729 1846 Trinitas
770 1801 998 1870 personarum,

189 1927 191 1930 ·
230 1897 261 1956 θῖ
277 1889 386 1954 unitas
403 1885 552 1954 essentiae
567 1895 627 1954 ast.
652 1913 667 1952 »
701 1945 704 1950 .

491 2429 634 2500 CAPUT
658 2373 735 2500 Xll.

313 2687 315 2690 -
353 2645 557 2736 AEqaatiras
569 2669 793 2734 personarum
813 2657 871 2712 est.

61 2973 198 3038 AEqualitas

74 3051 198 3098 persona-

77 3115 131 3148 rum
158 3103 183 3150 in

59 3163 209 3222 qoibnsaon·

89 3225 179 3276 sistat?

270 2971 463 3062 AEqualitas
485 2993 708 3058 personarum
736 2971 769 3044 in
792 2969 898 3038 tribus
914 2963 1000 3036 con-

227 3081 326 3146 sistit.
344 3079 441 3148 Unde
456 3079 693 3168 Augustinus:
719 3105 733 3144 a
757 3079 877 3152 Nullus
893 3077 999 3146 alium

227 3213 243 3250 a
269 3189 429 3276 praecedit
454 3189 652 3272 aeternitate,
681 3197 739 3254 aut
767 3187 897 3256 excedit
923 3211 999 3256 ma-

227 3297 459 3388 ngnitudine‚
500 3305 558 3364 aut
591 3305 727 3388 superat
764 3303 942 3388 potestate.
981 3325 995 3360 »

223 3403 324 3484 ¹Quod
344 3405 519 3496 aequalitas
535 3407 720 3476 seeundum
737 3405 809 3474 haeo
824 3407 886 3474 tria
902 3409 944 3472 sit
964 3409 999 3474 in

224 3509 308 3598 Deo,
329 3515 375 3580 sio
396 3513 585 3582 ostenditur
602 3539 609 3582 :
627 3517 708 3604 quia
723 3517 757 3580 in
772 3515 844 3580 istis
861 3515 998 3582 inferio-

225 3625 317 3692 ribus
335 3625 405 3688 tria
431 3629 511 3690 sunt
532 3621 614 3706 haeo,
639 3625 774 3690 scilieet
794 3613 995 3708 substantia,

227 3731 381 3820 qualitas,
405 3739 436 3798 et
461 3733 631 3820 quantitas
658 3753 665 3796 :
698 3731 807 3822 igitur
826 3733 937 3798 unitas
963 3733 998 3798 in

227 3835 414 3904 substantia
428 3845 544 3904 causat
567 3835 790 3920 identitatem,
808 3837 919 3906 unitas
935 3859 998 3904 au-

225 3949 293 4008 tem
319 3945 355 4010 in
383 3943 543 4034 qualitate
579 3951 693 4012 causat
726 3935 1004 4026 similitudinem,

215 4047 285 4120 'sed
299 4055 411 4120 unitas
427 4053 462 4120 in
482 4053 668 4144 quantitate
689 4059 803 4120 causat
826 4051 998 4144 aequalita-

225 4167 303 4228 tem.

62 4279 84 4328 in
119 4285 210 4358 anna
271 4271 309 4338 ln
326 4273 449 4340 divinis
465 4279 577 4342 autern
593 4279 642 4340 est
659 4271 831 4364 equalitas
852 4261 999 4340 tantum-

62 4349 201 4476 iililiiasi
227 4381 328 4448 modo
354 4381 539 4450 seeundum
563 4379 732 4470 triplicem
759 4381 994 4472 quantitatem,

227 4498 327 4580 prout
343 4491 513 4580 quantitas
533 4491 568 4558 in
589 4493 660 4558 Deo
677 4513 749 4576 esse
764 4489 897 4572 dieitur,
919 4490 997 4562 lieet

225 4597 420 4688 improprie.
452 4597 568 4664 Primo
606 4597 792 4666 seeundum
823 4599 997 4688 quantita-

225 4709 291 4774 tem
307 4707 456 4790 virtutis,
479 4729 553 4796 quae
575 4713 624 4774 θεῖ
646 4705 809 4798 potentia.
825 4705 903 4772 Alio
919 4729 996 4774 mo-

225 4813 267 4880 do
310 4813 495 4882 seeundum
530 4815 754 4904 quantitatem
792 4813 991 4900 durationis,

215 4933 298 5012 'quae
324 4931 373 4990 θεῖ
393 4923 572 4990 aeternitas.
600 4921 712 4990 Tertio
742 4921 844 4990 modo
873 4909 996 4990 seeun-

225 5029 304 5098 dum
325 5033 547 5122 quantitatem
563 5029 903 5122 magnitudinisque
923 5031 995 5122 ipsa

224 5147 273 5206 est
297 5141 386 5206 intra
405 5141 531 5224 omnia,
558 5147 591 5206 et
611 5145 705 5206 extra
729 5139 855 5218 omnia,
873 5149 905 5206 et
928 5163 995 5230 qua

116 5283 119 5288 ,
163 5291 164 5296 κ
225 5249 374 5314 continet
389 5253 420 5314 et
435 5249 524 5316 locat
540 5247 666 5340 omnia.

61 5411 209 5542 lilldaffa
224 5461 331 5528 tribus
356 5461 567 5530 ostenditur:
597 5461 759 5552 quoniam
776 5463 810 5526 in
832 5461 993 5530 amaturis

239 5703 390 5772 ³-11toaa
407 5727 432 5786 r,
445 5715 480 5770 8:
495 5713 532 5770 Et
556 5719 608 5770 tres
636 5719 701 5770 sunt
731 5713 780 5784 qui
809 5713 993 5770 testimoniam

57 5757 106 5840 k
224 5805 290 5860 dant
304 5809 334 5860 tn
350 5811 442 5860 terra:
464 5803 588 5874 spiritus,
606 5821 690 5876 aqua,
716 5811 741 5860 et
765 5805 878 5874 sanquis
896 5821 902 5860 ε
919 5811 944 5860 et
959 5805 1002 5860 tt·

62 5339 209 5422 aerenum
246 5353 461 5444 ·AEqnalitas
486 5377 711 5444 personarum
727 5341 836 5420 aliter
863 5355 898 5420 in
923 5355 1007 5422 istis

1062 593 1184 682 triplex
1200 591 1396 682 magnitudo
1415 593 1588 682 reperitur,
1607 593 1730 660 scilieet
1744 599 1828 660 tem·

1059 703 1197 790 peratis,
1226 703 1455 784 dimensionis,
1483 703 1684 770 etvirtntis.
1713 701 1828 768 Prima

1058 813 1255 904 magnitudo
1273 821 1321 880 est
1342 815 1376 880 in
1397 811 1494 880 rebus
1516 809 1742 878 mutabilibus.
1763 811 1826 878 Se-

1059 923 1178 1004 cunda,
1196 923 1230 988 in
1253 923 1432 1010 corporeis.
1455 919 1576 1002 Tertia,
1595 923 1629 986 in
1652 919 1824 1010 spiritibus

1060 1031 1187 1098 orestis.
1205 1027 1279 1096 Istis
1290 1029 1395 1096 tribus
1412 1027 1660 1116 respondentia
1676 1035 1824 1096 creatore

1061 1135 1125 1204 alia
1141 1137 1214 1214 tria,
1232 1137 1266 1202 in
1283 1135 1404 1226 quibus
1420 1137 1518 1202 etiam
1535 1157 1684 1224 personae
1701 1135 1821 1202 divinae
1839 1159 1867 1206 ln
1893 1161 1989 1218 quihus

1060 1253 1136 1312 sunt
1156 1243 1314 1334 aequales,
1344 1243 1467 1312 seilicet
1492 1245 1659 1310 eternitas
1679 1243 1713 1308 in
1735 1265 1818 1324 θεεθ,
1861 1231 1978 1348 aefflffl,

1059 1351 1257 1442 magnitudo
1277 1355 1311 1418 in
1334 1353 1571 1430 immensitate,
1601 1361 1633 1418 et
1657 1353 1763 1418 virtus
1787 1351 1822 1416 in
1838 1347 2001 1464 diggflnflfaeqer·

1058 1483 1169 1548 possa.
1190 1459 1263 1528 Hos
1286 1467 1399 1526 tamen
1418 1483 1513 1549 posse
1540 1459 1616 1526 lieet
1640 1459 1823 1526 seeundum
1930 1495 1932 1500 κ

1061 1569 1106 1636 rei
1124 1569 1298 1636 ueritatem
1313 1569 1354 1636 sit
1370 1569 1403 1634 in
1424 1567 1504 1644 Deo,
1529 1567 1712 1636 secundum
1733 1567 1825 1636 dilie-

1060 1679 1200 1744 rantiam
1218 1679 1263 1744 rei
1283 1679 1403 1766 inipso
1424 1699 1492 1744 non
1517 1677 1643 1744 hahent
1664 1701 1747 1762 esse,
1766 1677 1823 1744 sed

1059 1777 1242 1854 seeundum
1274 1785 1360 1876 quod
1391 1793 1543 1852 nostrum
1575 1787 1839 1876 respicientiu-¹

1058 1893 1240 1962 telleotum.

1046 2037 1050 2044 .
1102 2002 1291 2070 Dicendum
1328 2009 1378 2070 ast
1409 2025 1500 2092 argu,
1532 2005 1622 2092 quod
1651 2011 1743 2068 tanta
1772 2011 1821 2068 θεῖ
1837 2017 1940 2092 Quanta
1967 2025 2001 2074 stt

1058 2111 1230 2202 aequalitas
1260 2113 1293 2176 in
1317 2113 1476 2194 trinitate,
1512 2111 1602 2200 quod
1635 2111 1820 2178 seeundum
1835 2083 1990 2208 ffiquffllffll

1058 2221 1287 2312 augustinum
1314 2245 1374 2290 neo
1401 2229 1449 2288 θεῖ
1474 2221 1582 2310 majus
1611 2221 1748 2310 aliquid,
1766 2219 1820 2288 vel
1836 2209 1998 2338 ῑξξῆξθθζξζ

1058 2327 1137 2410 duo,
1154 2329 1209 2396 vel
1229 2351 1356 2408 omnes,
1379 2351 1479 2420 quam
1496 2351 1608 2394 unus:
1630 2351 1691 2396 neo
1710 2329 1820 2418 majus
1864 2353 1968 2390 aarum.

1058 2437 1185 2530 aliquid
1201 2461 1317 2506 omnes
1338 2461 1438 2530 quam
1455 2437 1590 2528 singuli.

1103 2543 1284 2610 Coaeternae
1305 2565 1439 2632 quoque
1465 2551 1543 2610 sunt
1562 2563 1713 2632 personae
1736 2543 1824 2610 divi-

1058 2671 1122 2728 nae,
1147 2653 1225 2738 quia
1244 2653 1278 2718 in
1299 2649 1420 2718 divinis
1444 2675 1512 2718 non
1542 2659 1591 2718 θεῖ
1619 2673 1745 2740 ponere
1761 2653 1826 2718 nisi

1059 2761 1125 2826 duo
1142 2785 1278 2848 genera,
1295 2761 1420 2828 soilieet
1436 2761 1642 2844 substantiae,
1661 2771 1693 2830 θῖ
1713 2761 1755 2828 ad
1770 2759 1827 2828 ali·
1905 2851 1906 2854 Ἴ

1059 2869 1164 2958 quid:
1187 2869 1356 2958 quantitas
1386 2891 1467 2936 vero
1493 2877 1524 2936 et
1550 2869 1695 2960 qualitas
1714 2877 1829 2934 trans-

1059 2983 1138 3040 eunt
1161 2977 1195 3040 in
1220 2997 1326 3064 genus
1347 2973 1554 3058 substantia,
1584 2977 1668 3042 siout
1691 2975 1830 3064 aequali-

1058 3091 1107 3148 tas
1125 3091 1156 3148 et
1175 3083 1359 3150 similitudo
1390 3081 1505 3148 dieunt
1529 3081 1708 3150 relationes
1733 3103 1739 3148 :
1772 3083 1830 3150 sad

1058 3191 1245 3256 substantia
1261 3181 1454 3258 eommunis
1471 3191 1638 3256 esttribus
1659 3191 1826 3280 personis.

1067 3321 1068 3324 ¹
1101 3297 1334 3366 Relativorum
1361 3309 1473 3366 autem
1502 3299 1679 3388 proprium
1704 3305 1753 3364 θεῖ
1778 3301 1827 3364 si·
1859 3325 1989 3376 pemmo.

1058 3409 1128 3474 mul
1162 3431 1254 3476 esse:
1284 3431 1363 3496 ergo
1393 3409 1488 3476 nullo
1518 3409 1620 3476 modo
1649 3409 1749 3476 Pater
1778 3417 1829 3478 θεῖ
1854 3403 1996 3518 ᾚξῗθῑζζο

1057 3519 1149 3606 prior
1177 3517 1274 3592 Filio,
1310 3541 1373 3586 nae
1398 3517 1584 3586 seeundum
1612 3517 1646 3584 id
1670 3517 1761 3608 quod
1786 3517 1828 3584 ad

1057 3627 1184 3716 aliquid
1202 3633 1265 3704 est,
1287 3619 1349 3694 neo
1369 3627 1554 3694 seeundum
1572 3627 1605 3694 id
1620 3625 1711 3716 quod
1727 3625 1829 3694 abso·-
1850 3665 1851 3668 π

1056 3733 1166 3803 lutum
1182 3741 1242 3802 θεῖ.
1274 3733 1368 3800 ldem
1403 3735 1591 3802 ostenditur
1623 3757 1682 3824 per
1709 3755 1827 3800 exem-

1056 3843 1150 3934 plum
1173 3845 1207 3910 in
1222 3847 1368 3910 natura:
1398 3845 1479 3934 quia
1499 3843 1575 3910 lieet
1604 3843 1762 3932 splendor
1786 3845 1828 3910 sit
1844 3839 2004 3892 stanneus
2079 3889 2080 3892 κ

1058 3955 1183 4038 asota,
1210 3963 1326 4024 tamen
1350 3963 1439 4022 asset
1472 3953 1532 4020 soli
1565 3961 1767 4028 coaeternus,
1798 3953 1826 4018 si

1051 4063 1107 4132 sol
1123 4071 1209 4132 θεεθῖ
1224 4073 1380 4134 aeternus.

1308 4607 1453 4676 CAPUT
1476 4607 1570 4674 XIII.
1665 4629 1666 4632 ’

1054 4823 1146 4890 Inter
1166 4825 1344 4888 essentiam
1373 4831 1404 4888 et
1420 4843 1601 4912 personam
1631 4819 1824 4910 differentia

1414 4937 1472 4996 ast.

1098 5253 1201 5342 Apud
1217 5251 1353 5320 Graecos
1370 5259 1515 5342 quatuor
1540 5259 1617 5318 sunt
1646 5249 1824 5326 voeabula,

1054 5359 1177 5426 scilicet
1208 5365 1436 5436 adelmoduitoere,
1467 5365 1624 5434 ὑπόστασις,
1649 5367 1823 5442 πρῖσωπθνῖ

1046 5465 1125 5532 ¹haeo
1146 5467 1236 5556 apud
1257 5467 1394 5536 Latinos
1415 5467 1634 5556 aequipollent
1654 5467 1725 5540 istis
1742 5485 1826 5554 qua-

1058 5723 1111 5774 tres
1125 5725 1293 5776 onamsoat.
1318 5767 1320 5772 .
1350 5755 1352 5758 -
1377 5753 1381 5758 -
