4266 6384
551 471 798 540 COMPENDII
822 471 1121 538 THEOLOGICAE
1145 453 1380 538 VERITATlS
1409 473 1491 542 LlB.
1519 475 1545 544 l.
1835 477 1875 544 37

282 661 370 726 Dens
391 671 459 716 non
479 645 552 712 vult
580 645 788 732 simpliciter,
815 651 846 708 et
880 643 1045 722 absolute,
1103 643 1160 708 sed
1182 667 1251 710 non
1266 645 1300 710 in
1317 645 1395 726 dne,
1412 651 1450 710 ut
1466 669 1541 712 cum
1571 649 1612 714 ad
1642 649 1745 716 alium
1770 649 1871 716 hnem

280 777 316 834 ut
337 757 535 830 sententiam
557 753 842 830 comminationis,
862 775 963 842 quam
986 753 1046 818 ali·
1101 753 1243 834 honum,
1261 765 1391 834 tantum
1417 765 1630 846 retorquetur
1649 759 1800 826 intentio.
1837 801 1846 816 -

281 865 414 960 quaudo
430 867 549 936 mutat,
566 859 702 948 quando
722 857 842 924 merita
857 865 1044 938 mutantur,

281 997 348 1044 non
368 979 522 1038 tenemur
540 964 639 1032 velle.

323 1083 547 1156 Conformitas
563 1083 686 1148 diuinae
703 1081 887 1148 volontatis
902 1081 1046 1170 quadru-

279 1197 408 1290 pliciter
422 1197 530 1280 potest
550 1189 755 1256 considerari
774 1187 960 1254 secundnm
980 1187 1045 1254 ha-

278 1301 460 1372 bitudinem
479 1305 624 1384 quatuor
643 1317 833 1362 causarum.
851 1293 980 1374 Primo,
995 1317 1045 1362 se·

228 1435 229 1440 ¹
278 1409 423 1480 cundum
443 1425 578 1474 oausam
599 1403 822 1482 materialem,
843 1407 881 1468 ut
906 1405 1041 1490 quando

278 1521 363 1588 idem
386 1523 434 1584 est
449 1515 591 1580 volitum
617 1515 708 1602 quod
723 1537 757 1582 se
773 1511 873 1578 habet
888 1521 925 1578 ut
939 1521 1042 1580 mate-

276 1639 336 1714 ria,
354 1635 440 1700 cirea
461 1653 561 1720 quam
587 1639 636 1698 est
660 1637 751 1698 octus
776 1627 970 1712 voluntatis,
1010 1637 1042 1696 et

275 1745 350 1810 iden
372 1745 433 1806 ista
455 1737 671 1806 conformitas
689 1747 737 1806 est
752 1737 939 1804 secundnm
964 1739 1044 1826 quid

275 1857 417 1932 tantum,
449 1853 480 1914 et
499 1861 582 1912 'non
616 1847 825 1936 simpliciter,
857 1847 936 1934 quia
968 1867 1041 1912 esse

275 1959 468 2048 simpliciter
482 1979 550 2022 uon
580 1965 629 2022 est
645 1959 830 2034 emeterio,
848 1955 903 2022 vel
917 1955 1037 2022 forma.

276 2065 431 2134 Secundo
465 2065 579 2142 modu,
615 2065 777 2154 accipitur
823 2061 1041 2130 conformitas

274 2173 458 2242 secundom
514 2193 648 2238 causam
695 2171 907 2252 efficientem,
956 2173 1041 2236 siout

273 2279 406 2370 quando
423 2279 544 2366 aliquis
562 2277 632 2346 vult
652 2277 717 2344 hoc
751 2277 842 2366 quod
862 2277 952 2344 Dens
968 2277 1041 2346 vult

272 2409 348 2454 eum
367 2385 465 2462 uelle,
489 2387 568 2474 quia
595 2385 687 2450 Deus
708 2385 796 2450 hanc
829 2383 1038 2450 voluntatem

270 2495 303 2560 iu
323 2517 362 2558 eo
389 2493 492 2560 facit:
527 2491 618 2556 fleus
639 2493 729 2556 enim
763 2513 1038 2580 unamquamque

270 2601 478 2668 voluntatem
499 2601 534 2666 in
556 2599 684 2666 bonum
704 2599 900 2666 ordinavit:
923 2609 954 2666 et
975 2599 1038 2666 boc

270 2709 342 2776 vult
362 2709 543 2780 uosirelle.
565 2697 676 2772 Tertio
707 2707 822 2784 modo,
853 2709 1037 2774 secundum

269 2839 403 2884 oausam
430 2817 578 2898 finalem,
599 2823 635 2880 nt
660 2815 793 2904 qnando
811 2817 887 2904 quis
904 2817 939 2880 in
951 2817 1039 2906 ,glo-

269 2927 352 2990 riam
382 2925 444 2994 llei
483 2947 543 2990 sua
580 2925 666 2990 lacta
704 2923 846 3002 ordinat,
899 2933 1038 3014 propter

269 3057 371 3124 qnam
387 3037 520 3102 etDeus
536 3035 612 3102 facit
629 3035 744 3102 omnia
761 3055 768 3098 ε
788 3039 820 3100 et
836 3035 869 3098 in
885 3031 938 3100 his
950 3033 1038 3100 duo-

268 3141 330 3208 bus
350 3143 573 3210 essentialiter
596 3141 707 3208 omnis
722 3141 941 3208 conformitas
956 3165 1035 3208 con·

269 3249 364 3316 sistit.
392 3249 519 3330 Quarto
539 3249 653 3330 modu,
683 3249 870 3316 secundnm
899 3271 1036 3316 causam

268 3355 456 3438 formalem,
487 3363 524 3422 ut
551 3357 676 3422 scilicet
710 3379 750 3422 ex
777 3355 936 3422 charitato
956 3357 1037 3422 uelit

270 3469 342 3552 quis
359 3465 549 3556 quodvult,
569 3467 654 3532 sieut
665 3473 697 3532 et
711 3465 804 3532 Deus
821 3487 861 3528 cx
876 3463 1037 3534 charitate

267 3575 339 3640 vult
355 3577 489 3640 onmia:
511 3581 542 3640 et
561 3575 596 3638 in
616 3575 679 3640 isto
706 3573 858 3640 consistit
876 3573 1035 3662 perfectio

267 3683 522 3762 conformitatis,
545 3689 582 3748 ut
597 3681 721 3748 scilicet
737 3687 831 3746 actus
854 3679 1036 3746 voluntatis

266 3801 389 3858 nostrae
418 3799 511 3858 tanto
541 3793 583 3856 sit
612 3789 780 3858 voluntati
809 3789 932 3854 divinae
953 3811 1038 3854 con-

266 3897 417 3984 formior,
455 3905 580 3986 quanto
621 3905 672 3966 est
709 3897 895 3992 melioret
927 3897 1036 3984 perle-

75 4095 76 4098 Ἴ
266 4007 360 4074 otior.

75 4131 242 4200 'conforma
308 4113 359 4182 Er
385 4113 551 4206 praedictis
586 4113 718 4202 collige,
754 4113 845 4202 quod
875 4113 1033 4200 perfecta,

128 4201 166 4246 ²⁸⁵
194 4205 225 4254 aa
266 4241 323 4286 seu
340 4223 507 4314 completa
526 4219 798 4288 conformitasad
818 4221 930 4286 Deum
945 4243 1035 4288 com·

101 4253 178 4308 Deum
242 4295 250 4304 -

75 4311 76 4314 '
190 4279 240 4370 quq
266 4329 442 4416 prehendit
463 4335 618 4418 quatuor.
654 4329 785 4404 Primm
816 4335 853 4394 ut
890 4327 1034 4396 velimus

102 4383 234 4440 cretenau
855 4445 857 4448 ,
948 4437 954 4448 .

115 4431 243 4512 aquai
266 4437 356 4524 quod
382 4437 471 4504 Deus
500 4437 601 4502 uult:
638 4433 798 4512 secundo,
821 4443 858 4500 ut
890 4437 1033 4502 velimus

266 4545 442 4632 quodvult
458 4567 519 4612 nos
545 4543 657 4610 nelle:
683 4545 793 4620 tertie,
827 4551 863 4608 ut
889 4542 1033 4610 velimus

264 4661 398 4742 propter
411 4653 501 4744 quod
515 4653 588 4720 vult
605 4675 612 4718 :
632 4649 763 4742 quarto,
781 4655 817 4716 nt
836 4651 979 4718 velimus
993 4677 1032 4720 eo

262 4761 363 4828 modo
386 4787 453 4854 quo
482 4761 566 4830 volt.
602 4761 669 4830 Sed
707 4761 925 4830 conformitas
963 4787 1032 4830 non

259 4869 358 4954 plena
392 4881 442 4940 est
470 4869 604 4958 tripler.
637 4869 765 4950 Primo,
801 4869 1033 4938 conformatur

260 4979 336 5064 quis
351 4981 422 5048 Deo
439 4983 474 5046 iu
489 4979 594 5046 volito
610 4987 757 5064 tautum,
776 4979 860 5046 sicut
876 4987 908 5046 et
921 4981 1030 5047 ludaei

260 5087 449 5158 conformes
470 5095 564 5154 erant
584 5087 657 5154 Deo
677 5089 712 5154 in
734 5095 842 5154 morte
863 5087 987 5156 Christi
1007 5087 1028 5158 ¹.

263 5193 429 5282 Secundo,
451 5201 477 5268 si
502 5199 731 5268 conformetur
750 5199 825 5288 quis
854 5201 889 5266 iu
909 5201 1028 5280 volito,

260 5305 342 5370 etin
362 5307 443 5392 fine,
461 5307 518 5374 sed
542 5331 610 5374 non
638 5307 672 5370 in
698 5307 813 5389 modo,
838 5315 875 5372 ut
895 5309 1029 5396 quando

261 5411 341 5496 quid
356 5437 425 5482 non
440 5415 478 5480 fit
497 5439 539 5482 ex
557 5413 728 5482 charitate.
747 5415 871 5496 Tertio,
894 5415 1029 5504 quando

260 5519 334 5604 quis
354 5523 584 5590 conformatur
603 5523 637 5586 in
652 5521 771 5598 volito,
795 5529 827 5586 et
854 5523 888 5588 in
911 5523 1026 5606 modo,

294 5767 354 5824 1or.
372 5769 453 5826 ioan.
473 5787 510 5838 ru,
528 5769 573 5828 53.

297 5855 361 5912 Ἦ.
380 5861 453 5916 Psal.
469 5877 576 5928 cxxxiv,
593 5859 637 5916 n.

1322 1083 1467 1152 CAPUT
1481 1083 1642 1152 XXXIII.

1334 1305 1383 1368 De
1394 1301 1537 1390 justitia
1556 1305 1628 1368 Dei.

1139 1617 1276 1686 lustitia
1310 1619 1371 1686 Dei
1413 1621 1520 1686 tribus
1560 1623 1671 1688 modis
1707 1623 2041 1698 semunciarium

1096 1725 1212 1794 Primo
1242 1729 1356 1806 modo,
1406 1729 1540 1818 quando
1591 1729 1740 1796 redditur
1767 1713 2040 1824 alicuigtgbtgzffi‘g

1097 1833 1188 1920 qnod
1215 1835 1349 1902 meruit.
1392 1833 1548 1902 Secundo
1582 1837 1694 1920 modo,
1727 1837 2043 1950 qnandclrffssffipgffl

1094 1945 1301 2032 promissum
1322 1945 1476 2012 solvitur.
1494 1947 1604 2012 Tertio
1619 1945 1733 2030 modo,
1760 1971 1863 2034 quan·
1902 1917 1962 2028 hale
1978 1969 2004 2010 er

1095 2053 1137 2118 do
1158 2053 1391 2142 imperfectum
1411 2055 1593 2142 perficitur.
1612 2055 1728 2120 Primo
1744 2055 1857 2138 modo,
1924 2029 2010 2090 quota

1094 2165 1320 2228 remuneratio
1341 2163 1522 2242 bonorum,
1541 2169 1572 2230 et
1591 2163 1721 2252 punitio
1742 2187 1859 2252 repro-

1093 2271 1213 2336 borum
1235 2279 1284 2338 est
1299 2295 1383 2360 opus
1400 2273 1550 2360 justitiae.
1571 2273 1725 2342 Secundo
1742 2275 1858 2356 modo,

1092 2379 1278 2446 incarnatio
1301 2379 1426 2446 Christi
1447 2403 1530 2468 opus
1547 2389 1596 2448 est
1613 2381 1764 2470 justitia.
1784 2383 1861 2470 quia

1092 2487 1298 2574 promissum
1310 2487 1371 2554 fuit
1386 2487 1450 2556 hoo
1465 2487 1735 2578 perProphetas.
1749 2489 1859 2556 Tertio

1092 2593 1193 2660 modo
1213 2595 1334 2660 dicitur
1349 2617 1434 2682 opus
1451 2597 1600 2682 justitiae,
1625 2595 1758 2686 quando
1771 2595 1860 2662 Deus
1947 2681 1948 2684 Ἴ

1092 2711 1302 2790 peecatorem
1314 2703 1487 2790 justificat,
1506 2727 1582 2770 com
1609 2703 1699 2770 seed
1718 2705 1861 2792 gratiam

1092 2809 1257 2892 habilitat,
1275 2811 1428 2876 faciendo
1441 2811 1531 2898 quod
1544 2811 1578 2876 in
1594 2835 1627 2878 se
1644 2819 1704 2880 est.

1136 2917 1237 2994 Nota,
1256 2919 1347 3006 quod
1373 2919 1407 2982 in
1432 2919 1589 2984 omnibus
1619 2919 1776 3008 operibns
1799 2921 1863 2988 Dei

1092 3027 1263 3092 invenitur
1278 3027 1422 3114 justitia,
1441 3035 1473 3092 et
1493 3027 1723 3096 misericordia
1744 3035 1775 3092 ²:
1805 3027 1863 3094 sed

1088 3135 1218 3222 justitia
1240 3135 1442 3224 quandoque
1463 3141 1512 3200 est
1528 3135 1668 3216 occulta,
1687 3143 1719 3202 et
1735 3137 1864 3202 miseri-

1093 3241 1207 3306 cordia
1223 3241 1411 3318 manifesta,
1429 3249 1467 3308 ut
1482 3243 1517 3306 in
1541 3243 1782 3330 justificatione
1796 3243 1863 3310 irn-

1093 3349 1151 3438 pii,
1184 3357 1215 3414 et
1248 3349 1282 3414 in
1312 3351 1422 3438 primo
1443 3351 1590 3416 adventu
1620 3351 1753 3420 Christi.
1790 3351 1866 3418 Ali-

1093 3460 1229 3550 quando
1260 3469 1309 3528 est
1338 3485 1355 3528 e
1385 3463 1567 3542 contrario,
1598 3463 1724 3528 seilicet
1750 3471 1864 3552 aperta

1088 3571 1230 3658 justitia,
1249 3579 1281 3636 et
1296 3571 1425 3636 occulta
1445 3573 1687 3654 misericordia,
1701 3579 1738 3640 ut
1755 3573 1789 3638 in
1803 3597 1866 3664 pu-

1092 3679 1219 3744 nitione
1239 3677 1460 3768 parvulorum
1481 3681 1552 3746 sine
1573 3681 1741 3768 baptis-mo
1763 3681 1862 3748 dece-

1092 3789 1257 3870 dentium,
1285 3797 1316 3854 et
1342 3793 1375 3856 in
1396 3789 1543 3856 secundo
1559 3789 1708 3858 adventu
1724 3789 1860 3858 Christi.

1091 3895 1284 3984 Aliquando
1301 3905 1483 3984 utrumque
1507 3905 1557 3964 est
1574 3897 1757 3980 oecultum,
1774 3905 1809 3966 nt
1829 3897 1864 3964 iu

1092 4003 1308 4070 tribulatione
1328 4005 1405 4070 licet
1429 4005 1602 4092 justorum
1637 4011 1667 4072 et
1691 4005 1863 4074 ¹innocen·

1091 4113 1188 4188 tium,
1213 4113 1299 4180 sicut
1313 4111 1376 4178 fuit
1391 4113 1425 4178 in
1439 4112 1516 4196 Joh,
1536 4123 1568 4182 et
1592 4113 1627 4180 in
1656 4113 1864 4182 infirmitati-

1092 4221 1154 4290 bus
1190 4221 1424 4312 parvulorum.
1451 4221 1643 4312 Aliquando
1682 4231 1863 4314 utrumque

1091 4339 1142 4398 est
1157 4339 1325 4422 apertum,
1344 4337 1379 4398 ut
1394 4331 1428 4398 in
1455 4335 1728 4402 remuneratione
1750 4335 1863 4422 justo·-

1091 4461 1179 4520 rum,
1205 4447 1239 4504 et
1266 4439 1483 4506 damnatione
1508 4441 1751 4530 reproborum:
1783 4441 1864 4530 quia

1090 4547 1165 4614 illos
1182 4533 1375 4616 remunerat
1391 4569 1491 4638 supra
1511 4551 1682 4624 meritum,
1718 4555 1750 4614 et
1780 4551 1861 4614 istos

1088 4657 1185 4746 punit
1200 4657 1280 4722 citra
1303 4655 1509 4746 condignum
1528 4679 1535 4724 ε
1555 4657 1707 4746 quodest
1727 4657 1858 4724 miseri-

1089 4763 1210 4830 cordiae
1228 4787 1233 4830 :
1252 4765 1310 4832 sed
1329 4765 1479 4854 utrisque
1495 4765 1649 4832 retribuit
1673 4765 1858 4832 secundum

1088 4873 1221 4956 merita,
1252 4871 1316 4940 hoe
1351 4879 1411 4954 est,
1442 4873 1540 4940 bonis
1570 4873 1670 4948 bona,
1700 4881 1730 4940 et
1758 4877 1857 4944 molis

1088 4981 1189 5062 mala,
1208 4981 1300 5070 quod
1314 4989 1363 5048 est
1377 4981 1526 5068 justitiae,

1134 5089 1169 5154 Si
1190 5091 1241 5156 vis
1257 5091 1340 5158 scir'e
1357 5111 1422 5178 qua
1433 5091 1562 5176 justitia
1577 5093 1736 5178 puniatur
1750 5091 1854 5162 homo

1088 5221 1148 5286 pro
1185 5207 1320 5286 peccato
1358 5205 1596 5266 momentaneo
1639 5201 1850 5296 aeternaliter,
1869 5163 2030 5276 alcibium

1086 5309 1163 5376 vide
1184 5313 1293 5398 primo
1322 5311 1536 5378 auctoritates
1565 5309 1687 5378 Isaiae:
1729 5313 1854 5396 Vermis
1883 5303 1926 5340 ⁰¹⁰
1957 5295 2011 5352 Ῥω

1895 5355 2004 5416 peceato

1086 5439 1202 5482 eorum
1219 5439 1284 5486 non
1301 5419 1476 5496 reluctetur,
1502 5427 1533 5484 et
1554 5419 1643 5508 qao
1658 5443 1773 5488 eorum
1787 5445 1854 5490 nore
1870 5421 2032 5528 322³]er

1085 5525 1321 5614 eertirrpuetur
1341 5527 1362 5592 ³.
1385 5523 1470 5592 Psal.
1487 5547 1602 5612 nsvin,
1620 5529 1678 5596 20:
1695 5529 1855 5598 Introidit
1897 5541 2012 5592 nutriere

1121 5771 1131 5804 ³
1148 5775 1201 5826 Isa.
1220 5789 1293 5838 urin,
1310 5775 1353 5826 el.
