4258 6384
512 555 759 630 COMPENDII
782 553 1080 624 THuoLoe-mm
1104 511 1347 618 venimus
1363 549 1447 616 LIB.
1473 547 1515 616 Il.

228 765 317 832 saepe
333 735 479 806 allicitur
494 731 534 798 ab
555 753 605 808 aa,
626 729 719 794 videt
734 729 830 794 'enim
863 747 996 816 semper

227 855 288 920 sibi
308 843 435 938 porrigi
461 861 614 926 pomum,
650 837 684 900 id
713 847 773 918 est,
804 835 995 902 illecebram

226 961 380 1026 vicinum.
397 949 495 1014 ltotio
508 955 620 1012 tamen
637 943 774 1008 inferior
795 951 825 1010 et
842 943 996 1032 superior

227 1067 316 1134 idem
337 1063 414 1126 sunt
437 1057 473 1120 in
503 1053 660 1134 essentia,
692 1051 750 1118 sed
778 1051 937 1116 differunt
962 1051 996 1116 in

229 1173 348 1242 officio.
382 1161 584 1252 Exemplum
618 1161 650 1226 in
677 1161 774 1228 oculo
795 1183 930 1226 sursum
965 1167 996 1226 et

229 1283 382 1350 deorsum
400 1271 617 1362 adspiciente.

438 1747 439 1750 =
465 1695 609 1772 CAPUT
633 1703 753 1774 XLIX.

348 1929 399 1992 De
411 1923 573 2014 potentiis
588 1923 710 1988 opimae
727 1923 872 1988 motivis.

1776 545 1817 610 73

1048 723 1199 790 nerativa
1219 728 1249 786 at
1271 719 1523 810 augmentative
1545 741 1613 784 non
1631 713 1816 782 secundum

1046 843 1201 898 nostrum
1218 831 1406 912 arbitrium,
1435 827 1493 894 sed
1513 825 1708 894 naturaliter
1732 847 1815 918 ope*

1047 947 1176 1008 rantur.

1091 1047 1260 1114 Voluntas
1279 1053 1391 1112 autem
1407 1047 1440 1110 in
1464 1045 1546 1110 does
1563 1041 1720 1110 diuiditur
1734 1065 1814 1130 par·
1829 1045 1980 1160 Vpppgpotis

1047 1163 1109 1238 tes,
1139 1155 1263 1222 seilicet
1283 1157 1317 1220 in
1338 1159 1461 1236 θέλησιν,
1494 1161 1525 1220 θῖ
1544 1155 1695 1234 dotti-tan,
1717 1149 1815 1216 idest
1958 1145 1964 1158 '

1046 1265 1258 1332 voluntatem
1274 1263 1462 1330 naturalem
1480 1269 1510 1330 et
1530 1261 1782 1330 deliberativam
1805 1281 1812 1326 :
1914 1255 1916 1258 ’

1049 1389 1193 1464 quarum
1214 1373 1335 1462 prima,
1358 1373 1482 1440 seilicet
1504 1372 1660 1438 voluntas
1676 1375 1815 1436 natura-

1048 1485 1100 1566 lis,
1120 1483 1275 1570 dirigitur
1287 1503 1345 1570 per
1361 1481 1556 1572 synderesin
1574 1499 1580 1546 ε
1598 1477 1743 1546 secunda
1760 1499 1814 1544 ve·

1047 1615 1095 1674 ro,
1114 1589 1238 1656 scilicet
1254 1591 1481 1674 deliberativa,
1495 1613 1554 1680 per
1568 1589 1745 1656 rationem.

1085 1697 1192 1780 Nota,
1217 1699 1308 1786 quod
1323 1697 1480 1764 voluntas
1507 1697 1641 1786 proprie
1656 1701 1688 1760 θῖ
1703 1695 1814 1760 stricte
1849 1713 1980 1784 uoluntas
2009 1693 2022 1698 ”

1046 1803 1285 1872 tautummodo
1306 1803 1558 1872 rationabilium
1574 1813 1634 1886 est,
1649 1801 1706 1868 sed
1722 1803 1813 1890 large
1829 1779 1995 1904 &2233ng

1048 1917 1169 1982 dicitur
1189 1917 1289 1982 etiam
1315 1917 1492 1984 brutorum
1516 1939 1599 1982 esse.
1625 1913 1815 2004 Impropria
1876 1901 1962 1968 quida

906 2037 908 2040 ’
1008 2079 1009 2082 ,
1047 2045 1129 2092 vero
1151 2029 1183 2088 et
1199 2025 1293 2112 quasi
1320 2023 1545 2112 metaphorice
1575 2023 1694 2088 dicitnr
1714 2021 1815 2088 etiam

77 2293 217 2340 „„„m„0.
275 2253 405 2322 Virium
435 2247 640 2316 motivarum
661 2235 792 2314 'animae
824 2233 1020 2316 rationalis·

77 2349 216 2462 uggtt·
233 2371 280 2430 est
295 2361 427 2428 ervisio.
451 2355 621 2424 triviaco
641 2355 730 2424 earm
747 2359 798 2424 va
816 2357 942 2424 motiva
961 2357 996 2422 ra

229 2469 475 2560 imperativam,
494 2473 525 2532 et
536 2463 808 2544 consiliatricem,
827 2473 858 2532 et
874 2463 996 2532 allecti-

228 2601 317 2660 vam,
345 2573 664 2652 etconsilietrioem
691 2573 792 2639 simul
813 2581 845 2640 θῖ
868 2571 996 2638 allecti-

77 2709 305 2778 tgifflpmeam
322 2681 435 2750 simul.
452 2681 513 2748 Vis
543 2681 744 2770 imperative
773 2687 822 2748 θεῖ
849 2679 994 2748 liberum

77 2779 201 2890 ‘l‘'}„‘t,¹¹ld
230 2787 406 2860 arbitrium
424 2799 455 2858 θῖ
481 2789 682 2880 synderesis,
716 2787 931 2856 Consiliatrix
946 2797 996 2856 θεῖ

77 2903 212 3014 &effigi
228 2903 299 2990 ipsa
312 2901 408 2982 ratio,
428 2923 503 2990 qnae
519 2897 680 2964 dividitur
702 2899 737 2964 in
752 2905 881 2988 partem
898 2921 996 2988 supe·

110 3001 164 3078 itta.
227 3011 348 3078 riorem
367 3017 398 3076 θῖ
413 3009 619 3076 inferiorem.
636 3007 697 3092 Vis
714 3015 826 3074 autem
841 3007 995 3080 allectiva

227 3125 275 3184 θεῖ
289 3119 458 3200 volupiae,
487 3137 561 3206 quae
587 3113 748 3182 dividitur
763 3117 800 3182 in
815 3123 941 3198 θέλησιν,
964 3123 996 3184 θῖ

153 3279 155 3284 ,
226 3229 370 3306 tattiano.
393 3215 454 3294 Vis
472 3249 545 3316 quae
557 3223 657 3292 simul
675 3231 707 3292 et
722 3221 930 3294 consiliatrix
945 3233 995 3294 θεῖ

225 3341 255 3402 θῖ
275 3337 492 3420 allectionem
509 3337 579 3426 ipse
604 3333 789 3402 intellectus
812 3339 992 3426 practicae.

452 3869 453 3872 ’
503 3861 646 3930 CAPUT
671 3861 708 3926 L.

470 4081 520 4146 De
553 4077 738 4146 voluntate.
801 4053 802 4056 Ἴ

76 4395 199 4520 {illiti
269 4399 358 4468 inter
372 4403 477 4470 dictas
492 4403 658 4490 potentias
683 4401 793 4490 primo
811 4401 991 4470 dicendum

190 4509 195 4520 '
218 4515 273 4572 est
293 4509 333 4576 de
352 4509 537 4592 voluntate,
562 4533 636 4598 qum
653 4509 738 4576 inter
764 4517 899 4578 caeteros
915 4533 992 4578 mc-

224 4617 309 4684 tivos
329 4629 377 4686 θεῖ
392 4619 572 4710 praecipua,
591 4641 668 4686 curn
684 4619 726 4684 sit
738 4619 903 4708 generalis
920 4643 991 4686 mo-

224 4725 285 4790 trix
302 4729 455 4792 omnium
477 4727 614 4794 virium.
635 4725 722 4802 Cum
748 4727 837 4792 enim
860 4725 989 4794 intelle-

222 4835 291 4898 ctus
331 4833 553 4924 apprehendit
590 4833 729 4922 aliquid,
775 4841 812 4900 ut
845 4833 987 4918 bonum,

220 4935 375 5006 voluntas
391 4941 534 5028 imperat
560 4939 687 5006 viribus
713 4939 820 5006 affixis
836 4941 917 5030 ipsis
933 4965 987 5006 or-

218 5047 323 5130 ganis,
341 5049 426 5114 sicut
452 5049 537 5112 visui
565 5047 606 5112 ad
631 5045 830 5132 videndum,
858 5049 987 5116 auditui

219 5147 259 5212 ad
279 5153 497 5238 audiendum,
521 5159 555 5220 θῖ
584 5155 629 5220 sic
658 5153 698 5220 de
724 5153 797 5220 eliis
820 5157 985 5222 sensibus.

221 5253 380 5328 Similiter
396 5265 430 5330 in
446 5271 541 5330 motu
557 5263 653 5328 locali
671 5263 828 5330 voluntas
843 5265 987 5356 imperat

143 5429 147 5442 ‚
218 5361 332 5434 virtuti
357 5371 507 5452 animali,
526 5391 601 5458 quae
626 5371 876 5456 aetianorum,
905 5381 936 5442 θῖ
953 5377 987 5442 in

221 5475 388 5560 mussans,
411 5485 443 5544 θῖ
458 5481 504 5544 ita
518 5483 634 5544 morat
659 5477 702 5544 od
725 5481 981 5566 ambulandum,

217 5577 269 5644 rel
284 5585 498 5666 currendum,
517 5583 605 5652 etad
628 5583 826 5674 hujusmodi
846 5591 979 5658 similia.

219 5677 284 5752 Sed
299 5687 378 5756 fallit
395 5691 484 5758 istud
500 5693 533 5756 in
557 5693 718 5780 potentiis
739 5697 860 5762 animae
880 5721 984 5790 rege-

217 5789 342 5884 tabilis,
363 5799 539 5890 inquibus
563 5799 722 5868 voluntas
749 5829 849 5872 suum
875 5809 986 5898 impe-

218 5895 303 5966 rium
319 5929 388 5972 non
408 5919 550 5978 exercet.
578 5909 748 5978 Nutritiva
773 5917 912 5984 enimet
932 5943 987 6008 ge·

1049 2151 1120 2198 esse
1135 2133 1389 2220 vegetabilium.
1416 2131 1512 2198 Unde
1532 2131 1689 2196 voluntas
1704 2129 1815 2218 primo

1048 2241 1151 2306 modo
1168 2249 1314 2328 sumpta,
1334 2241 1458 2306 scilicet
1480 2247 1580 2328 prout
1604 2245 1652 2304 θεῖ
1667 2239 1817 2304 rationa-

1049 2347 1181 2430 bilium,
1199 2347 1644 2438 proprieoolmrtosdicitur.
1662 2343 1816 2412 Secundo

1050 2463 1162 2522 autem
1181 2455 1303 2538 modo,
1317 2463 1418 2544 prout
1443 2461 1491 2520 θεῖ
1514 2455 1701 2546 brutorum,
1721 2475 1817 2522 voca·

1048 2571 1103 2630 tur
1131 2565 1267 2652 proprie
1305 2563 1523 2630 desidorium.
1562 2561 1672 2628 Tertio
1694 2609 1695 2612 ,
1714 2565 1816 2630 modo

1048 2679 1149 2760 prout
1172 2679 1221 2736 θεῖ
1241 2671 1494 2760 vegetabilium,
1520 2679 1659 2736 vocatur
1684 2673 1817 2762 oppeti-

1049 2787 1114 2844 tna.

1094 2881 1183 2956 luter
1194 2891 1362 2978 potentias
1374 2895 1485 2976 autem
1502 2889 1594 2956 nulle
1607 2888 1812 2970 estlibmior,
1845 2887 1983 3016 psgffifflffin

1050 2997 1325 3086 qnamvoluntas
1341 3021 1347 3064 z
1367 2999 1446 3086 quia
1460 3021 1521 3064 nec
1538 2997 1706 3088 obligatur
1721 3021 1815 3090 orga-
1845 3029 1903 3090 pum
1917 3015 1979 3062 ttae-

1049 3129 1105 3194 no,
1125 3107 1210 3174 sicut
1224 3107 1434 3198 imaginatio,
1452 3109 1639 3192 aestimatio,
1659 3107 1815 3196 ethujus-
1832 3075 1995 3200 ripgspoleutn·

1049 3213 1166 3280 modi:
1190 3237 1250 3282 neo
1276 3217 1441 3304 cogituro
1461 3215 1551 3282 bono
1582 3217 1668 3282 sicut
1690 3215 1817 3282 intelle·
1864 3203 1968 3268 quare?

1049 3331 1122 3392 θῖθε
1153 3325 1284 3414 cogitur
1313 3347 1440 3392 avaro.
1471 3325 1568 3394 Vires
1585 3329 1684 3394 etiam
1709 3327 1817 3394 affixae
1855 3347 1982 3420 Voluntas

1049 3435 1185 3524 organis
1205 3435 1428 3528 immutantur
1454 3437 1641 3502 necessario
1658 3437 1816 3504 immuta·
1834 3423 1997 3524 lffaffiffi,

1049 3549 1083 3608 to
1100 3563 1240 3630 organo,
1260 3543 1382 3634 quibus
1403 3543 1560 3610 omnibns
1587 3543 1746 3612 voluntas
1760 3567 1818 3612 ce-

1048 3655 1123 3716 rat:
1148 3649 1237 3714 unde
1254 3651 1299 3716 ait
1327 3649 1563 3740 Augustinus:
1589 3675 1604 3714 θ
1621 3651 1713 3720 Nihil
1733 3651 1816 3720 adeo
1877 3665 1878 3668 ’

1049 3785 1066 3822 a
1087 3757 1120 3822 in
1134 3765 1248 3824 nostra
1268 3765 1434 3850 potestate
1451 3767 1501 3826 θεῖ
1517 3759 1601 3828 siout
1615 3761 1782 3828 voluntas
1799 3789 1815 3828 a

957 3883 959 3888 ’
1051 3865 1088 3932 Si
1103 3875 1216 3932 autem
1247 3869 1329 3936 scire
1353 3869 1502 3936 volueris
1532 3891 1634 3958 quare
1661 3869 1817 3938 voluntas

1048 3995 1118 4040 non
1143 3975 1312 4064 cogitura
1339 3976 1442 4060 bono,
1474 3977 1559 4044 sicut
1587 3975 1818 4046 intellectusa

1047 4103 1141 4164 vero,
1165 4081 1236 4148 baec
1259 4091 1308 4150 ast
1337 4087 1434 4168 ratio,
1463 4089 1541 4174 quia
1565 4085 1646 4152 citra
1669 4087 1817 4174 primum

1048 4189 1190 4274 bonum,
1222 4193 1307 4260 nihil
1331 4201 1380 4260 θεῖ
1407 4197 1453 4262 ita
1481 4195 1608 4260 bonum
1634 4197 1724 4284 qnod
1747 4221 1816 4266 non

1048 4299 1176 4392 aliquid
1190 4303 1450 4392 imperfectionis
1466 4303 1599 4386 babeat,
1619 4303 1677 4370 sed
1691 4305 1818 4396 aliquid

1046 4411 1092 4476 ita
1109 4433 1227 4476 varum
1243 4419 1303 4494 ast,
1321 4411 1411 4500 quod
1427 4411 1510 4476 nihil
1526 4413 1677 4482 falsitatis
1692 4411 1814 4482 habet:

1046 4527 1083 4586 ut
1103 4525 1195 4610 patet
1218 4521 1252 4584 in
1273 4521 1335 4586 hac
1364 4521 1607 4610 propositione,
1635 4521 1816 4598 Quodlibet

1047 4635 1155 4692 totum
1173 4629 1283 4716 majus
1304 4635 1353 4694 est
1373 4651 1434 4694 sua
1448 4637 1541 4716 parte
1560 4629 1674 4710 :unde
1690 4629 1747 4696 tali
1762 4653 1817 4698 ‘ve-

1048 4757 1085 4800 ro
1101 4735 1446 4824 cogitur'intelleotus
1472 4737 1643 4820 assentire,
1672 4737 1728 4804 sed
1756 4761 1817 4806 vc·
1883 4731 1884 4734 ¹

1046 4845 1159 4912 luntas
1190 4845 1272 4914 nulli
1298 4847 1389 4914 bono
1414 4855 1525 4916 creato
1551 4851 1682 4938 cogitur
1705 4849 1816 4918 adhae-

1046 4977 1130 5022 rere,
1157 4991 1158 4994 ¹

1092 5061 1189 5144 ltem,
1206 5063 1375 5132 Voluntas
1391 5065 1526 5134 videtur
1553 5063 1721 5130 interdum
1742 5067 1818 5156 cogi
1858 5097 1984 5150 Voluntas

1045 5193 1104 5260 per
1115 5169 1344 5238 inordinatum
1361 5175 1558 5262 appetitum,
1577 5179 1678 5262 prout
1693 5171 1817 5238 rolnn·
1833 5163 1962 5226 cogitabis,
1973 5167 2000 5210 ec

1044 5287 1095 5346 las
1114 5279 1317 5370 quandoque
1337 5281 1440 5346 trahit
1455 5281 1643 5364 hominem,
1662 5289 1698 5346 θῖ
1715 5279 1815 5350 allicit
1832 5227 1989 5290 qu⁰m⁰d⁰7

1024 5395 1081 5454 ¹ut
1099 5387 1228 5454 bonum
1253 5397 1390 5478 spernat
1411 5389 1696 5472 incommutabile,
1722 5397 1754 5456 et
1769 5415 1815 5460 re-

1043 5493 1107 5562 bus
1123 5495 1343 5564 mutabilibus
1359 5495 1538 5574 adhaereat,
1568 5495 1627 5562 sed
1646 5495 1681 5562 in
1697 5495 1813 5586 hujus-

1044 5601 1137 5666 modi
1148 5603 1318 5670 coactione
1334 5603 1470 5670 libertas
1487 5601 1640 5690 quaedam
1662 5613 1731 5674 est:
1749 5611 1815 5670 un-

1044 5707 1084 5774 de
1106 5709 1320 5798 Augustinus
1339 5735 1344 5776 :
1365 5735 1380 5774 a
1400 5709 1508 5776 Omne
1532 5719 1704 5798 peccatum
1729 5714 1812 5782 adeo
1830 5721 1914 5772 omne
1928 5733 1995 5782 pec-

1046 5839 1062 5880 «
1080 5817 1380 5900 estvoluntarium,
1400 5817 1492 5906 quod
1506 5819 1533 5884 si
1544 5841 1612 5886 non
1625 5827 1673 5886 est
1687 5820 1814 5888 volun-
1846 5789 1988 5898 libidinis

1048 5951 1063 5984 a
1083 5925 1219 6008 tarium,
1238 5949 1308 5994 non
1326 5933 1377 5994 θεῖ
1395 5933 1580 6016 peccatum.
1601 5953 1616 5990 »
