4258 6384
546 471 792 540 COMPENDll
815 473 1114 544 THaoLooacAE
1138 477 1373 544 VERITATIS
1398 478 1482 544 LIB.
1509 479 1535 546 l.

254 655 335 722 tare,
380 645 532 710 essentiae
575 641 723 710 hominis
752 643 855 728 illabi,
887 653 1023 736 peccata

254 755 432 828 dimittere,
464 755 608 842 gratiam
656 755 841 832 infundere,
878 759 912 822 in
945 755 1023 846 igne

252 867 414 952 perpetuo
432 873 553 950 corpus
569 883 712 928 servare.

87 991 236 1058 atsiqata
269 967 603 1058 'Quaadoaliquid
641 977 801 1038 creaturae
849 975 1020 1052 convenit,

98 1073 129 1118 ⁶³
144 1071 213 1112 (Μ’
253 1079 342 1170 quod
367 1081 527 1166 competit
551 1081 704 1158 creatori,
722 1087 836 1148 tamen
852 1083 1022 1148 excellen-

98 1141 143 1178 nra
165 1123 235 1172 drea·

84 1139 144 1258 iu.
160 1179 318 1256 excel'tius
338 1187 377 1254 de
410 1187 482 1252 Deo
512 1187 633 1254 dicitur
661 1209 668 1256 ε
695 1197 732 1256 ut
761 1189 844 1256 siin
867 1197 1020 1258 creatura

86 1243 299 1388 rgppggredeest
326 1297 487 1384 potentia,
520 1299 554 1362 in
575 1295 645 1364 Deo
676 1299 717 1364 sit
747 1321 880 1366 surrrma
900 1307 1018 1388 poten-

108 1377 207 1424 ΜΨ
252 1403 321 1468 tia:
348 1403 377 1468 si
405 1403 579 1490 sapientia,
598 1405 631 1468 in
655 1403 728 1470 Deo
745 1405 786 1470 sit
810 1427 1015 1472 summasu-

249 1515 385 1604 pientia
405 1517 497 1581 etsie
512 1515 552 1582 de
568 1515 653 1582 aliia.
671 1515 767 1582 Unde
788 1523 819 1582 et
834 1515 1016 1604 hujusmo-

248 1619 279 1686 di
296 1619 451 1686 dicuntur
467 1621 506 1688 de
529 1621 601 1688 Deo
623 1623 656 1686 in
672 1621 891 1712 superlativo,
914 1647 1014 1714 prop-

246 1733 295 1792 ter
337 1727 428 1816 quod
465 1729 554 1796 lleus
587 1729 708 1802 dicitur
741 1733 1009 1820 potentissimus,

73 1847 74 1850 ’
144 1913 146 1918 Ι
245 1837 521 1922 sapientissime,
578 1837 798 1924 justissimus
848 1841 1009 1928 optimus,

243 1943 502 2032 pulcherrimus
526 1953 557 2012 et
575 1945 621 2012 sic
641 1947 680 2012 de
696 1948 780 2012 aliis.
798 1947 1010 2036 Augustinus

242 2053 277 2118 in
293 2051 378 2118 libro
395 2051 435 2120 de
449 2057 476 2120 Τ
473 2055 610 2120 νῖθῖῖθῖθ
626 2077 635 2120 .·
650 2053 818 2144 «Oportet
833 2053 942 2120 Deum
957 2075 1011 2120 cu·

244 2159 333 2244 «jus
355 2167 405 2226 θεῖ
428 2165 615 2250 etsumme
635 2171 755 2228 cuncta
770 2163 892 2228 sentire
909 2169 1008 2252 atque

243 2291 259 2330 r
281 2265 480 2356 intelligere,
512 2291 572 2336 nec
610 2271 696 2336 mori
730 2291 791 2336 uec
820 2271 1004 2358 corrumpi,

242 2399 257 2438 a
279 2397 339 2442 nec
368 2377 491 2444 mutari
528 2399 639 2466 posse,
671 2399 731 2444 uec
765 2401 885 2468 corpus
920 2399 1003 2462 csse,

182 2575 184 2578 Ι
240 2507 255 2546 a
277 2483 334 2548 sed
357 2483 518 2572 Spiritum
540 2485 918 2576 omnipotentissimum,
941 2489 1005 2552 mi·

143 2657 145 2662 ,
239 2617 254 2654 a
276 2593 459 2672 tissimum,
485 2593 924 2684 optimum,beatissi1num
957 2593 1004 2660 fa·

238 2725 254 2762 <r
272 2707 414 2768 leantur.
434 2727 450 2764 a
468 2731 473 2742 ·

70 2831 140 2882 Bona
159 2839 220 2884 suat
279 2807 395 2876 Potest
428 2817 606 2898 etpraeter
647 2813 879 2878 auctoritatem
917 2813 1002 2878 ratio

86 2897 210 2946 excelleo·
237 2917 242 2930 ·

68 2959 219 3014 tiusinoeo
235 2915 387 3008 intelligi,
407 2919 476 2986 sive
494 2921 657 3008 assignari
679 2941 685 2984 :
714 2921 792 3008 quia
815 2921 906 2988 hona
926 2929 1004 2988 sunt

68 3015 204 3134 {lippeam
236 3022 450 3090 excellentius
471 3027 504 3090 iu
535 3023 619 3104 lleo,
644 3047 745 3116 quam
774 3029 808 3092 in
836 3035 1000 3110 creatura,

68 3127 73 3162 ³
234 3131 312 3218 quie
354 3151 487 3218 semper
529 3137 579 3198 est
626 3131 753 3220 aliquid
792 3133 939 3200 nobilius
968 3135 1001 3200 in

233 3257 345 3332 rausa,
368 3261 469 3326 quam
486 3239 518 3304 in
539 3247 684 3306 causato.
703 3239 867 3308 Videmus
884 3243 998 3320 etiarn,

234 3345 324 3434 quod
349 3367 437 3434 aqua
463 3347 579 3434 purior
599 3355 648 3414 θεῖ
672 3347 707 3414 ia
727 3347 831 3428 lonte,
848 3373 951 3440 quarn
967 3353 1001 3416 in

234 3453 306 3518 rivo
325 3475 332 3518 ε
356 3453 437 3518 radii
455 3477 590 3544 quoque
620 3455 699 3520 solis
723 3455 902 3530 lucidiores
923 3465 1002 3524 suut

231 3561 266 3624 in
291 3561 363 3650 ipso
380 3563 462 3648 sole,
485 3585 588 3652 quam
613 3565 646 3628 in
675 3587 750 3632 aere
773 3587 780 3632 :
807 3575 840 3632 et
858 3567 999 3634 dulcedo

233 3667 341 3754 major
356 3677 405 3736 cst
421 3669 455 3734 in
471 3671 581 3750 melle,
600 3693 702 3758 quarn
719 3673 752 3736 in
768 3667 908 3742 mellito.

476 4163 620 4268 aanor
639 4201 750 4274 nnn

428 4421 479 4484 De
500 4419 694 4488 notionibus
713 4423 787 4490 Dei.

68 4765 213 4832 Notionem
272 4737 435 4806 Nationes
470 4739 531 4806 Dei
556 4749 634 4806 suut
672 4741 834 4830 quinque,
870 4743 996 4810 scilicet

69 4835 189 4958 ᾳῖῑέὲῦῑέι
227 4845 421 4932 paternitas,
449 4847 576 4930 filiatio,
607 4849 787 4936 processio,
813 4851 997 4918 innascibi-

74 4941 167 5022 'qua’r
227 4953 315 5040 litas,
351 4961 382 5022 et
415 4955 605 5022 eommunis
626 4959 776 5046 spiratio,
808 4957 924 5028 Prima
949 4969 997 5028 est

228 5063 348 5146 Patrio,
404 5069 559 5152 secunda
584 5067 672 5152 Filii,
708 5069 805 5136 tortia
849 5069 995 5160 Spiritus

227 5177 345 5252 sancti,
377 5183 495 5264 quarta
529 5175 651 5256 PatriS,
683 5177 800 5264 quinta
827 5177 939 5246 Patris
964 5187 996 5246 et

226 5279 312 5350 Filii.
360 5285 439 5350 Tres
477 5285 595 5372 primae
646 5285 800 5354 notiones
839 5287 996 5354 dicuntur

220 5389 429 5474 personulae,
459 5387 621 5478 eoquod
659 5411 819 5480 personas
853 5393 992 5472 iaciunt,

226 5499 258 5558 et
282 5519 337 5564 aas
356 5497 491 5586 proprie
515 5497 737 5588 distinguunt,
757 5507 789 5566 et
822 5499 885 5566 itta
914 5501 993 5568 solae

227 5611 304 5670 sunt
335 5611 402 5672 tres
443 5607 588 5672 unitates
629 5609 732 5672 trium
771 5631 993 5696 personarum

227 5713 348 5798 quibus
367 5735 519 5802 personae
545 5715 700 5782 dicuntur
723 5723 789 5784 tres
815 5741 822 5784 :
845 5719 934 5786 uude
950 5717 993 5784 li·-

227 5825 277 5884 eet
305 5821 404 5888 Pater
419 5823 531 5912 plures
553 5823 675 5892 haheat
689 5827 923 5916 proprietates,
943 5829 993 5894 ta-

1806 481 1848 548 25

1079 671 1159 716 rnen
1175 649 1275 716 Pater
1289 649 1489 738 paternitate
1518 655 1648 716 tantum
1670 673 1758 716 unus
1783 659 1844 730 θεῖ,

1077 756 1242 824 indivisus
1262 765 1312 824 θεῖ
1341 755 1375 820 in
1396 779 1442 830 se,
1471 761 1503 822 et
1530 755 1659 822 divisus
1687 757 1728 824 ab
1757 759 1843 828 aliis·

1076 863 1323 932 innascibilitas
1357 871 1470 930 autem
1512 869 1561 930 est
1580 865 1581 868 ’
1603 865 1638 930 iu
1670 863 1782 944 Patre,
1813 873 1845 932 et

1076 975 1221 1040 sumitur
1247 973 1422 1062 privative,
1454 971 1610 1060 eoquod
1630 971 1729 1040 Pater
1754 973 1797 1040 sit
1825 995 1845 1038 a

1074 1081 1168 1148 nullo
1186 1103 1193 1148 ι
1213 1089 1245 1148 θῖ
1271 1089 1386 1148 tamen
1407 1079 1508 1146 Pater
1531 1079 1698 1168 siguificat
1713 1169 1714 1172 Ἴ
1727 1079 1845 1146 distin·

1073 1189 1220 1256 ctionem
1250 1185 1472 1278 personaliter
1512 1205 1519 1252 ε
1560 1187 1644 1254 sicut
1673 1187 1744 1254 ouis
1772 1211 1842 1254 non

1073 1299 1204 1386 signata
1237 1319 1296 1384 per
1328 1293 1393 1360 hoc
1430 1295 1540 1382 ipsum
1570 1295 1788 1386 distinguitur
1820 1319 1840 1364 a

1071 1403 1223 1490 signatis.
1271 1399 1434 1466 Similiter
1475 1401 1665 1466 communis
1698 1401 1836 1488 spiratio

1070 1517 1119 1574 θεῖ
1135 1531 1203 1574 una
1228 1509 1332 1582 θθῖὶο,
1361 1513 1392 1572 θῖ
1412 1505 1468 1592 illa
1488 1507 1597 1572 unitas
1622 1513 1671 1572 θεῖ
1698 1505 1786 1572 idem
1802 1507 1837 1572 iu

1069 1613 1167 1682 Patre
1184 1623 1215 1682 θῖ
1237 1613 1341 1690 Filio,
1360 1619 1391 1678 et
1412 1619 1461 1680 est
1484 1613 1639 1680 distincta
1664 1611 1704 1678 ab
1741 1613 1833 1679 omni

1067 1723 1131 1790 alia
1145 1727 1294 1792 notione.

1110 1829 1321 1896 Notandum
1348 1829 1450 1918 igitur
1493 1827 1584 1916 qnod
1616 1829 1750 1918 proprie
1779 1827 1832 1894 lo·-
1853 1871 2002 1936 Proprieta-

1065 1937 1212 2027 qaendo,
1225 1947 1291 2006 tres
1303 1943 1380 2004 suut
1391 1937 1609 2024 proprietates
1625 1937 1828 2024 personulae,
1847 1937 2007 2048 iiiiii&

1062 2045 1187 2114 scilicet
1202 2047 1398 2138 paternitas
1421 2045 1549 2124 filiatio,
1576 2051 1608 2110 et
1631 2045 1826 2132 processio:
1862 2063 1887 2110 it
1910 2013 2004 2124 qdotr'

1062 2155 1140 2244 quia
1163 2153 1350 2242 personalis
1379 2153 1568 2244 proprietas
1595 2159 1655 2228 est,
1674 2173 1747 2240 quae
1768 2153 1827 2216 uni

1060 2267 1122 2334 soli
1137 2289 1289 2354 personae
1315 2267 1483 2346 convenit,
1507 2269 1539 2330 et
1568 2285 1641 2330 eam
1658 2263 1698 2330 ab
1733 2263 1824 2330 omni

1059 2377 1124 2444 alia
1140 2399 1174 2444 re
1191 2375 1377 2464 distinguit.

1101 2487 1294 2554 Relationes
1323 2507 1404 2550 vero
1435 2491 1512 2552 suut
1541 2491 1715 2574 quatuor:
1746 2483 1825 2574 quia
1841 2481 1992 2580 serarianas

1056 2619 1123 2662 una
1139 2603 1188 2662 est
1208 2595 1317 2660 Patris
1343 2591 1384 2660 ad
1408 2591 1543 2674 Filium,
1568 2591 1692 2660 scilicet
1712 2599 1824 2680 pater·
1849 2571 1990 2696 'gufllfffiffi

1055 2707 1143 2770 nitas
1165 2723 1171 2770 :
1192 2703 1257 2768 alia
1287 2707 1336 2770 est
1369 2699 1446 2768 Filii
1472 2699 1512 2766 ad
1533 2699 1668 2780 Parem,
1700 2699 1823 2768 scilicet
1879 2695 1960 2758 quar

1055 2813 1172 2878 filiatio
1200 2813 1206 2878 ὲ
1225 2813 1322 2878 tertia
1337 2819 1387 2876 est
1401 2809 1510 2876 Patris
1534 2815 1566 2876 et
1581 2807 1656 2876 Filii
1682 2807 1723 2878 ad
1742 2807 1821 2898 Spi-

1055 2921 1158 2986 ritum
1192 2927 1357 2996 sanctum,
1387 2915 1514 2984 scilicet
1532 2915 1722 2984 oonuuunis
1751 2915 1821 3004 spi-

1055 3029 1139 3094 ratio
1159 3049 1165 3094 :
1185 3035 1304 3116 quarta
1325 3031 1375 3092 est
1402 3023 1546 3114 Spiritus
1571 3027 1678 3092 sancti
1699 3023 1740 3090 ad
1758 3023 1830 3090 Pa·-

1053 3143 1139 3202 trem
1160 3143 1193 3202 et
1208 3137 1233 3202 F
1235 3135 1344 3218 ilium,
1362 3132 1489 3200 scilicet
1503 3133 1684 3222 processio.

1096 3245 1259 3312 Notiones
1289 3249 1401 3310 autem
1436 3247 1512 3308 sunt
1550 3243 1710 3332 quinque,
1742 3241 1820 3330 quia

1053 3351 1212 3442 quaelibet
1245 3351 1362 3418 relatio
1390 3363 1439 3416 est
1464 3349 1570 3428 notio,
1602 3357 1634 3416 et
1660 3355 1820 3438 praeterea
1917 3383 1918 3386 ¹

1052 3461 1307 3540 innascibilitas
1337 3481 1413 3548 quae
1444 3457 1534 3526 Patri
1568 3457 1728 3526 convenit
1758 3479 1819 3546 per
1857 3513 1859 3518 .

1052 3567 1277 3656 privationem
1303 3565 1474 3632 relationis
1499 3565 1541 3632 ad
1568 3563 1705 3656 aliquod
1730 3567 1819 3654 pria-

1052 3677 1190 3766 cipiom‚
1207 3699 1276 3742 non
1293 3681 1341 3744 est
1362 3671 1494 3740 relatio.

1095 3785 1260 3852 Nationes
1291 3779 1416 3848 hahent
1445 3779 1551 3848 multa
1579 3779 1742 3846 uomina:
1766 3779 1818 3846 di·-
1840 3799 1985 3854 actionum

1052 3899 1172 3962 cuntur
1205 3893 1294 3976 enirn
1328 3889 1491 3968 lectionar,
1527 3889 1605 3976 quia
1641 3887 1818 3954 notificant
1856 3881 1974 3994 gssffimgp

1051 4019 1237 4092 personas:
1262 4001 1419 4068 dicuntur
1448 3997 1548 4064 etiam
1574 3997 1814 4080 disti-rectiorem,
1869 4001 1944 4058 quar

1052 4111 1130 4197 quia
1166 4127 1327 4196 personas
1370 4103 1618 4192 distinguunt:
1663 4103 1819 4170 dicuutur

1050 4217 1243 4294 rotaticum,
1275 4211 1353 4302 quia
1373 4233 1524 4300 personae
1548 4233 1609 4298 per
1636 4233 1692 4278 eas
1721 4211 1818 4278 adse

1049 4325 1196 4392 invicem
1234 4321 1424 4388 referuntur
1454 4343 1461 4386 ε
1498 4319 1654 4386 dicuutur
1682 4341 1818 4408 quoque

1047 4433 1284 4522 proprietariae,
1314 4429 1393 4516 quia
1413 4427 1548 4516 proprie
1577 4427 1731 4514 personis
1764 4427 1819 4494 iu·-

1050 4547 1140 4610 sunt.

1092 4645 1181 4712 Nota
1207 4647 1340 4734 regulas
1363 4645 1567 4708 notionum:
1595 4639 1696 4706 Nulla
1724 4641 1817 4710 notio
1832 4647 1981 4714 ,rationum

1049 4751 1089 4820 de
1109 4747 1175 4820 alia
1193 4751 1404 4842 praedicatur.
1432 4747 1528 4830 Item,
1553 4747 1710 4838 quaelihet
1724 4747 1816 4814 notio
1855 4711 1964 4776 regua.

1049 4867 1098 4926 est
1118 4861 1263 4928 essentia
1283 4859 1408 4934 divina,
1432 4877 1505 4946 quae
1528 4855 1619 4922 Deus
1640 4861 1700 4922 est.
1716 4853 1813 4932 ltem,

1049 4991 1168 5036 onanes
1184 4967 1339 5036 notiones
1356 4973 1433 5030 sunt
1448 4987 1514 5032 una
1535 4963 1692 5030 essentia.
1715 4959 1812 5042 Item,
1871 5043 1872 5046 Ἴ

1048 5075 1142 5142 nulla
1173 5075 1268 5142 notio
1291 5075 1376 5138 inest
1397 5070 1518 5138 divinae
1553 5069 1716 5144 essentiae,
1743 5089 1818 5156 quaa

1048 5183 1236 5272 distinguit,
1274 5201 1335 5248 nec
1367 5177 1597 5268 distinguitur.
1627 5175 1725 5256 Item,
1752 5195 1818 5240 uo-

1047 5291 1156 5356 tioues
1190 5295 1332 5378 sumptae
1362 5285 1560 5352 abstractive
1592 5281 1818 5372 praedicantur

1047 5399 1087 5466 εῖθ
1103 5399 1259 5480 essentia,
1277 5395 1335 5464 sed
1346 5401 1487 5482 sumptae
1503 5391 1704 5468 concretive,
1723 5411 1812 5456 non:

1046 5507 1135 5576 uude
1158 5507 1244 5574 hene
1270 5503 1402 5584 dicitur,
1429 5501 1572 5568 essentia
1597 5509 1647 5566 est
1670 5501 1815 5588 paterni-

1046 5623 1109 5692 tas,
1141 5615 1201 5682 sed
1226 5635 1296 5680 non
1326 5611 1447 5676 dicitur
1472 5609 1614 5674 essentia
1634 5627 1812 5696 generans

1046 5723 1143 5806 Item,
1164 5723 1258 5788 notio
1276 5739 1409 5806 semper
1425 5717 1584 5806 importat
1599 5715 1809 5804 dignitatem.

1045 5829 1143 5906 Item,
1174 5833 1309 5916 sumpta
1334 5825 1472 5890 notione
1491 5845 1560 5890 nou
1579 5823 1716 5910 ponitur
1734 5839 1813 5910 per-
