4276 6392
283 481 324 548 rs
777 485 817 550 a.
843 481 943 548 ata.
970 453 1077 544 rrae.
1104 475 1206 544 ona.
1232 475 1378 544 eamn.

283 653 317 716 in
334 673 472 742 aquosa,
491 679 617 746 aquosa
638 661 673 724 in
701 679 808 734 aerea,
827 677 923 720 aerea
948 653 981 718 in
1003 671 1049 716 se.

283 757 456 826 lllolliticat
474 763 567 846 dura,
591 771 622 830 et
645 765 778 832 indurat
793 763 930 828 mollia:
950 757 1050 824 subti-

282 865 351 948 liat,
381 875 418 936 ut
446 879 537 958 patet
575 853 623 936 in·
641 873 843 940 resolutione
869 869 999 958 glaciei,
1019 873 1051 932 et

282 973 463 1042 condensat
479 979 600 1058 lutum,
617 981 769 1070 depnrat,
788 989 824 1046 ut
843 979 975 1042 inaure
994 997 1000 1042 :
1019 983 1050 1042 et

283 1087 477 1174 corrumpit,
497 1089 580 1154 sicat
594 1111 632 1154 eu
650 1111 723 1178 quae
743 1085 935 1156 consumit:
954 1083 1050 1172 frige·

185 1281 186 1284 Ἴ
281 1187 357 1254 lacit
382 1213 441 1276 per
468 1193 634 1274 accidens,
652 1205 687 1260 ut
703 1205 791 1282 patet
808 1195 841 1258 in
862 1201 954 1258 aceto
976 1207 983 1252 :
1002 1195 1051 1254 est

282 1305 314 1362 et
329 1303 568 1384 penetrativae,
587 1303 890 1368 communicativae
911 1307 943 1366 et
968 1297 1051 1364 divi-

282 1405 386 1472 sivus.
405 1407 502 1484 ltem,
518 1411 606 1498 ignis
630 1411 664 1474 in
680 1409 810 1498 sphaera
826 1431 885 1474 sua
911 1429 979 1474 erro
1004 1429 1050 1472 re·

283 1513 383 1594 lucet,
403 1517 481 1604 quia
509 1525 705 1606 compactus
733 1541 802 1586 non
832 1527 890 1584 est.
911 1515 1049 1582 Nullum

284 1621 373 1686 enim
408 1645 530 1712 eorpus
551 1625 757 1714 diophanum
789 1625 890 1708 lucet,
908 1625 967 1690 sed
986 1645 1050 1712 po-

283 1729 349 1794 lius
366 1737 415 1796 est
438 1729 670 1800 illuminabile.
696 1733 731 1800 Si
752 1741 862 1800 autem
896 1735 984 1822 ignis
1016 1733 1051 1796 in

283 1835 416 1924 sphera
447 1861 506 1906 sua
539 1849 731 1930 compactus
756 1849 854 1918 essct,
877 1841 1051 1930 eclipsaret

284 1967 403 2010 earnes
434 1945 558 2020 stellas,
586 1971 660 2038 quae
689 1971 789 2038 supra
820 1951 930 2038 ipsum
959 1955 1048 2014 sant.

284 2051 378 2142 Ignis
410 2077 492 2122 vero
512 2055 566 2122 hic
594 2057 681 2124 lueet
712 2059 800 2146 apud
828 2081 890 2124 nos
914 2063 1053 2146 propter

284 2165 460 2230 materiam
491 2165 777 2244 coadunatam‚in
812 2191 876 2254 qua
904 2175 954 2232 est
986 2185 992 2230 :
1019 2171 1051 2230 et

284 2271 348 2338 hoc
365 2281 464 2362 patet,
484 2275 561 2364 qnia
577 2299 645 2342 nna
663 2275 800 2344 candela
824 2275 920 2342 elteri
949 2297 1051 2362 oppo-

285 2383 348 2450 sita
367 2381 522 2450 umbram
539 2383 627 2450 facit.

328 2491 395 2556 Aer
431 2499 480 2558 est
503 2491 644 2570 subtilis,
675 2494 824 2574 mobilis,
839 2493 1048 2584 perspicuus,

284 2621 343 2686 per
357 2597 612 2686 inspirationem
628 2609 659 2668 et
683 2603 940 2692 respirationem
959 2599 1049 2668 ealo-

282 2707 327 2772 ris
348 2707 456 2774 cordis
478 2711 730 2796 temperativae
758 2711 933 2778 decoratur
956 2709 1065 2776 vola.

281 2811 408 2896 tilihus,
452 2815 545 2882 locas
596 2819 869 2906 impressionum,
916 2819 1047 2884 mansio

281 2923 459 3010 spirituum
487 2923 736 3006 danvaatorum
769 2933 817 2992 est
852 2927 1045 3008 alterabilis,

1106 647 1160 728 da,
1191 647 1365 714 elementis
1400 647 1474 712 aliis
1516 645 1732 718 circumdato,
1769 647 1875 706 mater

1104 755 1286 836 fructuum,
1310 757 1402 822 radix
1427 755 1631 844 plantarum,
1658 751 1770 818 nutrix
1798 751 1874 816 aui-

1106 865 1262 944 mulium,
1319 863 1538 932 aedificiorum
1600 863 1869 936 fundamentum,

1105 985 1316 1042 mortuorum
1378 975 1639 1064 receptaculum,
1707 971 1869 1037 nraclrine

1105 1081 1285 1150 mundialis
1302 1091 1466 1156 centrum,
1483 1081 1653 1150 concludit
1668 1081 1701 1144 in
1718 1103 1752 1144 se
1770 1079 1869 1146 inter·
1941 1099 1944 1108 ·

1104 1213 1198 1270 nana,
1219 1189 1350 1276 frigida,
1369 1191 1468 1266 sicea,
1490 1213 1605 1276 opaca,
1640 1185 1788 1274 corporis
1809 1185 1869 1250 hu-

1104 1297 1195 1362 mani
1232 1299 1382 1364 materia.
1421 1295 1539 1362 Servat
1574 1295 1719 1372 metalla,
1756 1303 1869 1360 centro

1103 1413 1246 1486 tenetur,
1269 1417 1365 1474 nrotu
1382 1431 1423 1474 ex
1438 1409 1621 1496 vaporibus
1638 1405 1776 1470 inclusis
1793 1425 1872 1468 cou-

1105 1517 1238 1592 cutitur,
1264 1515 1378 1582 herbis
1404 1524 1435 1582 et
1461 1515 1600 1582 floribus
1630 1537 1666 1580 ac
1696 1511 1872 1578 arboribus

1105 1625 1173 1690 suis
1198 1621 1298 1702 albet,
1317 1647 1354 1690 ac
1370 1625 1546 1690 decoratur
1558 1647 1568 1690 :
1585 1625 1670 1690 circa
1687 1643 1758 1686 earn
1778 1625 1873 1686 motu

1104 1729 1257 1798 circulari
1273 1731 1394 1798 coelnm
1415 1753 1490 1798 curn
1517 1729 1683 1798 sideribus
1709 1729 1869 1804 volvitur,

1105 1839 1145 1906 ab
1162 1837 1357 1906 heneinihus
1373 1847 1405 1906 et
1425 1839 1590 1924 jumentis
1615 1837 1771 1904 calcatur.
1799 1833 1873 1900 llo-

1106 1971 1181 2014 rurn
1214 1949 1368 2036 quadarn
1395 1955 1490 2014 terrac
1525 1955 1722 2038 competunt
1751 1967 1872 2012 secun·-

1105 2055 1186 2122 dum
1203 2077 1274 2122 esse
1297 2079 1409 2136 suurn,
1429 2055 1583 2144 quaedam
1618 2053 1803 2120 seeundum
1832 2051 1872 2116 si-

1104 2149 1188 2242 tum,
1220 2165 1374 2254 quaedam
1404 2165 1589 2230 secuudum
1624 2169 1867 2250 contemptam,

1104 2273 1256 2364 quaedam
1293 2273 1477 2342 secundum
1507 2281 1677 2354 ornatum,
1712 2269 1868 2360 quaedam

1104 2381 1289 2448 secuudum
1306 2381 1494 2448 utilitatem.

1372 2923 1517 2994 CAPUT
1537 2923 1597 2992 lX.

280 3027 424 3106 subtilis,
453 3029 672 3120 laniantque
701 3055 814 3100 rarus:
845 3055 914 3100 nou
943 3031 1043 3112 lucet,
1109 3053 1111 3058 ·

280 3137 365 3202 sieut
380 3159 441 3202 nec
456 3137 594 3228 aliquod
609 3163 730 3230 eorpus
752 3141 969 3230 displiceam,
988 3141 1046 3208 sed

281 3253 329 3310 est
348 3243 590 3312 illuminabilis

324 3359 423 3448 Aqua
456 3385 555 3450 super
580 3355 681 3428 coelos
707 3363 866 3438 elevetur,
897 3365 1044 3450 piscibus

279 3467 467 3544 decoratur,
489 3469 742 3552 tempestatibus
767 3471 952 3556 subjicitur,
976 3497 1047 3538 onr-

276 3595 336 3640 nes
352 3575 459 3642 fontes
476 3583 507 3642 et
525 3577 662 3642 [lantino
680 3577 720 3644 ad
738 3601 828 3646 mare
844 3583 1043 3646 continuan-

276 3689 342 3758 tur,
365 3683 408 3748 ad
423 3683 534 3750 locum
552 3685 640 3750 ande
664 3697 840 3760 venerunt,
869 3701 1045 3756 revertun-

275 3797 329 3856 tur
346 3791 367 3856 ¹.
384 3791 475 3856 ‘Aeri
493 3793 616 3880 praebet
630 3777 726 3882 'aquo
754 3793 1041 3874 informationem,

273 3899 462 3966 volatilium
488 3912 725 3966 ornamentum
743 3909 774 3968 et
797 3905 1044 3992 vegetabilibus

273 4009 531 4084 nutrimentum,
567 4017 598 4074 et
623 4011 748 4096 opt'me
776 4021 825 4074 est
846 4011 1044 4078 teretinati-

273 4116 315 4182 lis
332 4117 475 4182 termino
497 4117 618 4192 alieno,
641 4119 699 4184 sed
728 4117 867 4186 minime
898 4123 1043 4188 termino

274 4225 426 4312 proprio.
457 4225 555 4314 Aqua
584 4247 704 4314 corpus
741 4235 789 4294 est
820 4225 1041 4316 daphanum,

186 4393 187 4396 ,
275 4333 432 4398 omnibus
462 4341 511 4400 est
544 4335 748 4410 communis,
779 4335 813 4400 in
847 4336 1041 4426 crystallum

272 4441 480 4530 congelatur,
504 4443 581 4508 irim
596 4443 631 4508 in
653 4445 799 4512 nubibus
825 4455 949 4522 causat,
968 4471 1043 4514 sor-

272 4549 330 4616 des
358 4557 492 4638 puegat,
517 4549 633 4616 hortos
660 4551 788 4642 irrigat,
815 4551 1043 4622 febricitantes

273 4679 333 4724 sna
348 4655 528 4744 frigiditate
545 4665 577 4722 et
596 4657 796 4726 humiditate
813 4661 967 4736 delectat,
986 4685 1043 4728 na-

271 4785 330 4830 ves
346 4763 450 4846 vehit,
474 4765 590 4830 lumen
614 4765 741 4854 recipit,
767 4767 807 4832 ad
827 4789 926 4834 sunm
947 4771 1043 4858 prin-

272 4871 398 4960 cipium
428 4871 578 4942 recurrit,
600 4871 675 4938 loca
700 4875 926 4954 recensebit,
953 4877 1041 4966 lupi·-

272 4977 329 5044 des
346 4987 440 5044 cavat
453 4981 563 5068 ignem
578 4981 860 5070 exstinguitolim
878 4983 1041 5050 mundum

270 5089 440 5176 purgavit.
459 5087 497 5156 ln
520 5089 601 5152 mari
618 5089 732 5156 Rubro
749 5089 875 5178 populo
896 5093 950 5156 bet
969 5115 1041 5160 oes-

272 5197 325 5270 sit,
339 5195 378 5260 de
394 5193 495 5262 latere
509 5197 629 5262 Christi
647 5197 758 5272 fluxit,
782 5197 868 5264 hanc
890 5199 1041 5266 lilaristus

249 5303 307 5368 ¹iu
323 5303 442 5368 vinnm
467 5305 620 5386 mutavit,
651 5329 688 5370 ac
717 5305 759 5372 de
784 5307 855 5392 ipsa
886 5307 1043 5396 baptismi

101 5457 102 5462 η
194 5427 234 5454 'v
275 5413 651 5476 materiamordinavit.

323 5513 423 5584 Terra
448 5521 533 5586 iuter
554 5519 618 5586 alia
638 5521 803 5588 elementa
836 5531 886 5588 est
910 5523 1040 5602 intima,

277 5627 385 5716 nigra,
403 5629 510 5716 magis
526 5629 691 5718 despecta,
707 5629 908 5718 ponderosa,
927 5639 1041 5698 rotun-

140 5545 229 5596 Terra.

315 5857 324 5896 ¹
341 5857 381 5912 Gt.
394 5853 488 5914 Eccle.
504 5873 522 5928 1,
535 5861 559 5914 7.

1243 3145 1295 3210 De
1317 3139 1593 3232 depressionibus
1619 3137 1719 3202 ueris.

1142 3463 1296 3532 Cometes
1329 3461 1405 3526 lieet
1438 3463 1598 3548 appareat
1625 3457 1733 3544 quasi·
1754 3455 1860 3526 stella,
1893 3479 2016 3536 citamus,

1096 3595 1164 3640 uon
1185 3579 1232 3638 est
1254 3579 1367 3636 tamen
1387 3567 1474 3632 uliud
1492 3587 1593 3656 qrram
1610 3587 1714 3652 vapor
1735 3563 1862 3630 inllum-
1879 3541 2025 3668 ‘lffllffill‘

1098 3691 1207 3748 matus
1223 3701 1262 3744 ex
1283 3679 1452 3744 vicinitate
1474 3677 1573 3764 iguis.
1596 3673 1658 3738 llic
1679 3695 1793 3738 comas
1812 3675 1864 3736 ln-

1098 3793 1197 3856 minis
1219 3787 1338 3862 fundit,
1356 3797 1388 3854 et
1403 3787 1523 3850 dicitur
1547 3781 1735 3872 significare
1753 3793 1865 3848 niuta-

1095 3899 1221 3964 tionem
1239 3917 1368 3982 regnor,
1388 3899 1443 3958 aaut
1460 3889 1557 3964 bella,
1571 3895 1628 3954 erut
1643 3889 1860 3976 pestilentias.

1140 4003 1186 4070 Co
1208 4023 1271 4068 ona
1297 4009 1347 4066 est
1370 3997 1465 4066 albus
1494 3997 1649 4072 circulus,
1672 3997 1728 4084 qui
1754 4017 1864 4084 quau·
1902 4023 2010 4090 (torona
2038 3963 2058 4078 ft

1097 4109 1207 4200 doque
1233 4115 1369 4196 apparet
1394 4105 1481 4172 eirca
1510 4105 1630 4176 solem,
1656 4101 1711 4168 vel
1734 4101 1863 4180 lunam,
1881 4089 1944 4150 quta
1983 4079 2044 4186 ⁵¹³}

1097 4231 1152 4286 aut
1172 4215 1284 4284 stellas
1304 4217 1386 4282 alias
1403 4237 1410 4280 :
1427 4223 1459 4280 et
1479 4223 1637 4278 causatur
1652 4233 1694 4276 ex
1713 4211 1865 4300 reliquiis

1096 4327 1238 4392 nubium
1260 4345 1320 4412 per
1337 4323 1551 4412 planetarum
1582 4319 1694 4386 radios
1718 4317 1865 4384 attractis

1095 4445 1127 4502 et
1151 4433 1361 4500 illuminatis.
1396 4429 1484 4496 Talis
1505 4439 1618 4496 autem
1644 4427 1787 4494 circulus
1817 4427 1866 4492 si-

1096 4565 1200 4634 gnum
1216 4549 1264 4608 est
1280 4539 1479 4606 serenitatis.
2018 4603 2019 4606 Ἴ

1138 4649 1250 4718 Assuh
1267 4649 1391 4738 duplex
1407 4655 1468 4730 cst,
1488 4645 1672 4714 ascendens
1694 4641 1818 4708 scilieet
1834 4647 1866 4708 et
1908 4687 2001 4738 essue.
2036 4637 2037 4650 ²

1095 4761 1309 4830 descendens.
1347 4757 1542 4824 ascendens
1571 4757 1607 4820 lit
1641 4777 1682 4820 ex
1711 4753 1863 4842 partibas

1094 4873 1229 4962 vaporis
1259 4867 1476 4934 inflammatis
1506 4867 1541 4930 in
1570 4885 1728 4952 supremo
1764 4863 1861 4936 aeriS,

1095 4987 1128 5048 et
1154 4981 1287 5046 videtur
1307 4975 1498 5050 ascendere,
1526 4975 1610 5040 sicut
1640 4973 1665 5038 si
1692 4971 1865 5038 evolarent

1095 5085 1299 5154 scintillando
1317 5085 1461 5152 formiae.
1487 5081 1599 5146 Attffll]
1616 5101 1697 5146 vero
1723 5079 1865 5144 descen-

1095 5199 1176 5264 duns
1193 5201 1242 5260 cst
1270 5197 1356 5282 ignis
1376 5199 1525 5260 retentus
1551 5191 1582 5254 io
1605 5187 1708 5270 nube,
1737 5191 1791 5274 qui
1814 5197 1862 5250 ta·

1096 5301 1362 5390 rueoexpelltur
1386 5299 1543 5366 obviante
1564 5295 1653 5362 nube
1676 5293 1810 5382 frigida,
1833 5299 1864 5356 et

1096 5413 1182 5480 cudit
1215 5413 1386 5484 continue,
1430 5419 1568 5496 propter
1601 5403 1691 5494 quod
1730 5401 1866 5468 videtur

1095 5517 1185 5608 quod
1205 5515 1300 5582 stella
1317 5513 1439 5580 cardons
1460 5513 1502 5578 sit
1522 5509 1635 5598 longa,
1664 5509 1742 5596 quia
1767 5503 1865 5570 relin-

1094 5627 1166 5716 quit
1185 5623 1328 5710 vestigia
1349 5641 1443 5688 casus
1459 5627 1536 5710 post
1557 5641 1604 5684 se.
1626 5613 1757 5680 Lernen
1773 5607 1865 5704 quod
1891 5617 1892 5620 ’
